%YAML 1.1
%TAG !u! tag:unity3d.com,2011:
--- !u!1 &81164581
GameObject:
  m_ObjectHideFlags: 0
  m_CorrespondingSourceObject: {fileID: 0}
  m_PrefabInstance: {fileID: 0}
  m_PrefabAsset: {fileID: 0}
  serializedVersion: 6
  m_Component:
  - component: {fileID: 81164582}
  - component: {fileID: 81164585}
  - component: {fileID: 81164584}
  - component: {fileID: 81164583}
  - component: {fileID: 3233832376912753086}
  - component: {fileID: 1881573647825979390}
  - component: {fileID: 1911746084644099879}
  m_Layer: 0
  m_Name: RightGuard
  m_TagString: BossGuard
  m_Icon: {fileID: 0}
  m_NavMeshLayer: 0
  m_StaticEditorFlags: 0
  m_IsActive: 0
--- !u!4 &81164582
Transform:
  m_ObjectHideFlags: 0
  m_CorrespondingSourceObject: {fileID: 0}
  m_PrefabInstance: {fileID: 0}
  m_PrefabAsset: {fileID: 0}
  m_GameObject: {fileID: 81164581}
  m_LocalRotation: {x: 0, y: 0, z: 0, w: 1}
  m_LocalPosition: {x: 1, y: 0, z: 0}
  m_LocalScale: {x: 1, y: 1, z: 0.1}
  m_ConstrainProportionsScale: 0
  m_Children:
  - {fileID: 2087515117086835393}
  m_Father: {fileID: 1311358870712609705}
  m_RootOrder: 3
  m_LocalEulerAnglesHint: {x: 0, y: 0, z: 0}
--- !u!33 &81164585
MeshFilter:
  m_ObjectHideFlags: 0
  m_CorrespondingSourceObject: {fileID: 0}
  m_PrefabInstance: {fileID: 0}
  m_PrefabAsset: {fileID: 0}
  m_GameObject: {fileID: 81164581}
  m_Mesh: {fileID: 10202, guid: 0000000000000000e000000000000000, type: 0}
--- !u!23 &81164584
MeshRenderer:
  m_ObjectHideFlags: 0
  m_CorrespondingSourceObject: {fileID: 0}
  m_PrefabInstance: {fileID: 0}
  m_PrefabAsset: {fileID: 0}
  m_GameObject: {fileID: 81164581}
  m_Enabled: 1
  m_CastShadows: 1
  m_ReceiveShadows: 1
  m_DynamicOccludee: 1
  m_StaticShadowCaster: 0
  m_MotionVectors: 1
  m_LightProbeUsage: 1
  m_ReflectionProbeUsage: 1
  m_RayTracingMode: 2
  m_RayTraceProcedural: 0
  m_RenderingLayerMask: 1
  m_RendererPriority: 0
  m_Materials:
  - {fileID: 2100000, guid: 25e91c1731fef4e59b091e1031a6e3e4, type: 2}
  m_StaticBatchInfo:
    firstSubMesh: 0
    subMeshCount: 0
  m_StaticBatchRoot: {fileID: 0}
  m_ProbeAnchor: {fileID: 0}
  m_LightProbeVolumeOverride: {fileID: 0}
  m_ScaleInLightmap: 1
  m_ReceiveGI: 1
  m_PreserveUVs: 0
  m_IgnoreNormalsForChartDetection: 0
  m_ImportantGI: 0
  m_StitchLightmapSeams: 1
  m_SelectedEditorRenderState: 3
  m_MinimumChartSize: 4
  m_AutoUVMaxDistance: 0.5
  m_AutoUVMaxAngle: 89
  m_LightmapParameters: {fileID: 0}
  m_SortingLayerID: 0
  m_SortingLayer: 0
  m_SortingOrder: 0
  m_AdditionalVertexStreams: {fileID: 0}
--- !u!65 &81164583
BoxCollider:
  m_ObjectHideFlags: 0
  m_CorrespondingSourceObject: {fileID: 0}
  m_PrefabInstance: {fileID: 0}
  m_PrefabAsset: {fileID: 0}
  m_GameObject: {fileID: 81164581}
  m_Material: {fileID: 0}
  m_IsTrigger: 0
  m_Enabled: 1
  serializedVersion: 2
  m_Size: {x: 1, y: 1, z: 1}
  m_Center: {x: 0, y: 0, z: 0}
--- !u!54 &3233832376912753086
Rigidbody:
  m_ObjectHideFlags: 0
  m_CorrespondingSourceObject: {fileID: 0}
  m_PrefabInstance: {fileID: 0}
  m_PrefabAsset: {fileID: 0}
  m_GameObject: {fileID: 81164581}
  serializedVersion: 2
  m_Mass: 1
  m_Drag: 0
  m_AngularDrag: 0.05
  m_UseGravity: 0
  m_IsKinematic: 0
  m_Interpolate: 0
  m_Constraints: 126
  m_CollisionDetection: 0
--- !u!114 &1881573647825979390
MonoBehaviour:
  m_ObjectHideFlags: 0
  m_CorrespondingSourceObject: {fileID: 0}
  m_PrefabInstance: {fileID: 0}
  m_PrefabAsset: {fileID: 0}
  m_GameObject: {fileID: 81164581}
  m_Enabled: 1
  m_EditorHideFlags: 0
  m_Script: {fileID: 11500000, guid: f61f96ed38f784163821b330266b7f2c, type: 3}
  m_Name: 
  m_EditorClassIdentifier: 
  boss: {fileID: 1216466630629813590}
  bossGuardForward: {fileID: 1457414451091176050}
  bossGuardLeft: {fileID: 89036294}
  bossGuardRight: {fileID: 81164581}
  bossGuardBack: {fileID: 786057035159819393}
  attackPoint: {fileID: 8451387777130395778}
  damageEffactPrefab: {fileID: 1051482265899649095, guid: c8fa1e3be8b7842cbac0284c91920e40,
    type: 3}
  bossGuardSpawnEffect: {fileID: 7569451302452698695, guid: 49bf60e23427b43c0939584e1e806bdc,
    type: 3}
  bossGuardDestroyEffect: {fileID: 9072141341526321785, guid: 9ed72e4c7d3c14c18a9534404e58365c,
    type: 3}
  bossGuardHpSlider: {fileID: 697038358068040402}
  bossGuardDestroySound: {fileID: 8300000, guid: 7343d79214a624b3e8f93c05e28bd2d6,
    type: 3}
  damageSound: {fileID: 8300000, guid: 2c506d01e897d459885be96e01fcbea0, type: 3}
  spawnSound: {fileID: 8300000, guid: df954246832724fbd93e37a8e211fe42, type: 3}
  bossGuardHp: 300
--- !u!114 &1911746084644099879
MonoBehaviour:
  m_ObjectHideFlags: 0
  m_CorrespondingSourceObject: {fileID: 0}
  m_PrefabInstance: {fileID: 0}
  m_PrefabAsset: {fileID: 0}
  m_GameObject: {fileID: 81164581}
  m_Enabled: 1
  m_EditorHideFlags: 0
  m_Script: {fileID: 11500000, guid: d0b148fe25e99eb48b9724523833bab1, type: 3}
  m_Name: 
  m_EditorClassIdentifier: 
  m_Delegates:
  - eventID: 2
    callback:
      m_PersistentCalls:
        m_Calls:
        - m_Target: {fileID: 1881573647825979390}
          m_TargetAssemblyTypeName: BossGuardController, Assembly-CSharp
          m_MethodName: OnMouseDown
          m_Mode: 1
          m_Arguments:
            m_ObjectArgument: {fileID: 0}
            m_ObjectArgumentAssemblyTypeName: UnityEngine.Object, UnityEngine
            m_IntArgument: 0
            m_FloatArgument: 0
            m_StringArgument: 
            m_BoolArgument: 0
          m_CallState: 2
--- !u!1 &89036294
GameObject:
  m_ObjectHideFlags: 0
  m_CorrespondingSourceObject: {fileID: 0}
  m_PrefabInstance: {fileID: 0}
  m_PrefabAsset: {fileID: 0}
  serializedVersion: 6
  m_Component:
  - component: {fileID: 89036295}
  - component: {fileID: 89036298}
  - component: {fileID: 89036297}
  - component: {fileID: 89036296}
  - component: {fileID: 773724867103904939}
  - component: {fileID: 3956476171218178213}
  - component: {fileID: 8559167501269969656}
  m_Layer: 0
  m_Name: LeftGuard
  m_TagString: BossGuard
  m_Icon: {fileID: 0}
  m_NavMeshLayer: 0
  m_StaticEditorFlags: 0
  m_IsActive: 0
--- !u!4 &89036295
Transform:
  m_ObjectHideFlags: 0
  m_CorrespondingSourceObject: {fileID: 0}
  m_PrefabInstance: {fileID: 0}
  m_PrefabAsset: {fileID: 0}
  m_GameObject: {fileID: 89036294}
  m_LocalRotation: {x: 0, y: 0, z: 0, w: 1}
  m_LocalPosition: {x: -1, y: 0, z: 0}
  m_LocalScale: {x: 1, y: 1, z: 0.1}
  m_ConstrainProportionsScale: 0
  m_Children:
  - {fileID: 2681420570759333043}
  m_Father: {fileID: 1311358870712609705}
  m_RootOrder: 2
  m_LocalEulerAnglesHint: {x: 0, y: 0, z: 0}
--- !u!33 &89036298
MeshFilter:
  m_ObjectHideFlags: 0
  m_CorrespondingSourceObject: {fileID: 0}
  m_PrefabInstance: {fileID: 0}
  m_PrefabAsset: {fileID: 0}
  m_GameObject: {fileID: 89036294}
  m_Mesh: {fileID: 10202, guid: 0000000000000000e000000000000000, type: 0}
--- !u!23 &89036297
MeshRenderer:
  m_ObjectHideFlags: 0
  m_CorrespondingSourceObject: {fileID: 0}
  m_PrefabInstance: {fileID: 0}
  m_PrefabAsset: {fileID: 0}
  m_GameObject: {fileID: 89036294}
  m_Enabled: 1
  m_CastShadows: 1
  m_ReceiveShadows: 1
  m_DynamicOccludee: 1
  m_StaticShadowCaster: 0
  m_MotionVectors: 1
  m_LightProbeUsage: 1
  m_ReflectionProbeUsage: 1
  m_RayTracingMode: 2
  m_RayTraceProcedural: 0
  m_RenderingLayerMask: 1
  m_RendererPriority: 0
  m_Materials:
  - {fileID: 2100000, guid: 25e91c1731fef4e59b091e1031a6e3e4, type: 2}
  m_StaticBatchInfo:
    firstSubMesh: 0
    subMeshCount: 0
  m_StaticBatchRoot: {fileID: 0}
  m_ProbeAnchor: {fileID: 0}
  m_LightProbeVolumeOverride: {fileID: 0}
  m_ScaleInLightmap: 1
  m_ReceiveGI: 1
  m_PreserveUVs: 0
  m_IgnoreNormalsForChartDetection: 0
  m_ImportantGI: 0
  m_StitchLightmapSeams: 1
  m_SelectedEditorRenderState: 3
  m_MinimumChartSize: 4
  m_AutoUVMaxDistance: 0.5
  m_AutoUVMaxAngle: 89
  m_LightmapParameters: {fileID: 0}
  m_SortingLayerID: 0
  m_SortingLayer: 0
  m_SortingOrder: 0
  m_AdditionalVertexStreams: {fileID: 0}
--- !u!65 &89036296
BoxCollider:
  m_ObjectHideFlags: 0
  m_CorrespondingSourceObject: {fileID: 0}
  m_PrefabInstance: {fileID: 0}
  m_PrefabAsset: {fileID: 0}
  m_GameObject: {fileID: 89036294}
  m_Material: {fileID: 0}
  m_IsTrigger: 0
  m_Enabled: 1
  serializedVersion: 2
  m_Size: {x: 1, y: 1, z: 1}
  m_Center: {x: 0, y: 0, z: 0}
--- !u!54 &773724867103904939
Rigidbody:
  m_ObjectHideFlags: 0
  m_CorrespondingSourceObject: {fileID: 0}
  m_PrefabInstance: {fileID: 0}
  m_PrefabAsset: {fileID: 0}
  m_GameObject: {fileID: 89036294}
  serializedVersion: 2
  m_Mass: 1
  m_Drag: 0
  m_AngularDrag: 0.05
  m_UseGravity: 0
  m_IsKinematic: 0
  m_Interpolate: 0
  m_Constraints: 126
  m_CollisionDetection: 0
--- !u!114 &3956476171218178213
MonoBehaviour:
  m_ObjectHideFlags: 0
  m_CorrespondingSourceObject: {fileID: 0}
  m_PrefabInstance: {fileID: 0}
  m_PrefabAsset: {fileID: 0}
  m_GameObject: {fileID: 89036294}
  m_Enabled: 1
  m_EditorHideFlags: 0
  m_Script: {fileID: 11500000, guid: f61f96ed38f784163821b330266b7f2c, type: 3}
  m_Name: 
  m_EditorClassIdentifier: 
  boss: {fileID: 1216466630629813590}
  bossGuardForward: {fileID: 1457414451091176050}
  bossGuardLeft: {fileID: 89036294}
  bossGuardRight: {fileID: 81164581}
  bossGuardBack: {fileID: 786057035159819393}
  attackPoint: {fileID: 1062319062480316747}
  damageEffactPrefab: {fileID: 1051482265899649095, guid: c8fa1e3be8b7842cbac0284c91920e40,
    type: 3}
  bossGuardSpawnEffect: {fileID: 7569451302452698695, guid: 49bf60e23427b43c0939584e1e806bdc,
    type: 3}
  bossGuardDestroyEffect: {fileID: 9072141341526321785, guid: 9ed72e4c7d3c14c18a9534404e58365c,
    type: 3}
  bossGuardHpSlider: {fileID: 5814589209455600828}
  bossGuardDestroySound: {fileID: 8300000, guid: 7343d79214a624b3e8f93c05e28bd2d6,
    type: 3}
  damageSound: {fileID: 8300000, guid: 2c506d01e897d459885be96e01fcbea0, type: 3}
  spawnSound: {fileID: 8300000, guid: df954246832724fbd93e37a8e211fe42, type: 3}
  bossGuardHp: 300
--- !u!114 &8559167501269969656
MonoBehaviour:
  m_ObjectHideFlags: 0
  m_CorrespondingSourceObject: {fileID: 0}
  m_PrefabInstance: {fileID: 0}
  m_PrefabAsset: {fileID: 0}
  m_GameObject: {fileID: 89036294}
  m_Enabled: 1
  m_EditorHideFlags: 0
  m_Script: {fileID: 11500000, guid: d0b148fe25e99eb48b9724523833bab1, type: 3}
  m_Name: 
  m_EditorClassIdentifier: 
  m_Delegates:
  - eventID: 2
    callback:
      m_PersistentCalls:
        m_Calls:
        - m_Target: {fileID: 3956476171218178213}
          m_TargetAssemblyTypeName: BossGuardController, Assembly-CSharp
          m_MethodName: OnMouseDown
          m_Mode: 1
          m_Arguments:
            m_ObjectArgument: {fileID: 0}
            m_ObjectArgumentAssemblyTypeName: UnityEngine.Object, UnityEngine
            m_IntArgument: 0
            m_FloatArgument: 0
            m_StringArgument: 
            m_BoolArgument: 0
          m_CallState: 2
--- !u!1 &492785288991155360
GameObject:
  m_ObjectHideFlags: 0
  m_CorrespondingSourceObject: {fileID: 0}
  m_PrefabInstance: {fileID: 0}
  m_PrefabAsset: {fileID: 0}
  serializedVersion: 6
  m_Component:
  - component: {fileID: 8009056196810209890}
  - component: {fileID: 787744662759174008}
  m_Layer: 0
  m_Name: GuardAttackPoint
  m_TagString: Untagged
  m_Icon: {fileID: 0}
  m_NavMeshLayer: 0
  m_StaticEditorFlags: 0
  m_IsActive: 0
--- !u!4 &8009056196810209890
Transform:
  m_ObjectHideFlags: 0
  m_CorrespondingSourceObject: {fileID: 0}
  m_PrefabInstance: {fileID: 0}
  m_PrefabAsset: {fileID: 0}
  m_GameObject: {fileID: 492785288991155360}
  m_LocalRotation: {x: -0, y: -0, z: -0, w: 1}
  m_LocalPosition: {x: 0, y: 0, z: 0}
  m_LocalScale: {x: 1, y: 1, z: 1}
  m_ConstrainProportionsScale: 0
  m_Children: []
  m_Father: {fileID: 4781993165627626010}
  m_RootOrder: 0
  m_LocalEulerAnglesHint: {x: 0, y: 0, z: 0}
--- !u!114 &787744662759174008
MonoBehaviour:
  m_ObjectHideFlags: 0
  m_CorrespondingSourceObject: {fileID: 0}
  m_PrefabInstance: {fileID: 0}
  m_PrefabAsset: {fileID: 0}
  m_GameObject: {fileID: 492785288991155360}
  m_Enabled: 1
  m_EditorHideFlags: 0
  m_Script: {fileID: 11500000, guid: 6ca2e235d54264dd793638a04f668f3c, type: 3}
  m_Name: 
  m_EditorClassIdentifier: 
  boss: {fileID: 1216466630629813590}
  shellPrefab: {fileID: 1750849021691852751, guid: f491a1f8fb5fc4012a579b2474c306e3,
    type: 3}
  shotIntervalPlus: 5
  shotSound: {fileID: 8300000, guid: 6f14e263c69d54cb79749022a3833677, type: 3}
--- !u!1 &786057035159819393
GameObject:
  m_ObjectHideFlags: 0
  m_CorrespondingSourceObject: {fileID: 0}
  m_PrefabInstance: {fileID: 0}
  m_PrefabAsset: {fileID: 0}
  serializedVersion: 6
  m_Component:
  - component: {fileID: 8220502580511250516}
  - component: {fileID: 3836205668195531584}
  - component: {fileID: 3481714386934397487}
  - component: {fileID: 7529161950324681427}
  - component: {fileID: 3303038438605975138}
  - component: {fileID: 2541697991565386130}
  - component: {fileID: 6279088333446232548}
  m_Layer: 0
  m_Name: BackGuard
  m_TagString: BossGuard
  m_Icon: {fileID: 0}
  m_NavMeshLayer: 0
  m_StaticEditorFlags: 0
  m_IsActive: 0
--- !u!4 &8220502580511250516
Transform:
  m_ObjectHideFlags: 0
  m_CorrespondingSourceObject: {fileID: 0}
  m_PrefabInstance: {fileID: 0}
  m_PrefabAsset: {fileID: 0}
  m_GameObject: {fileID: 786057035159819393}
  m_LocalRotation: {x: 0, y: 0, z: 0, w: 1}
  m_LocalPosition: {x: 0, y: 0, z: -1}
  m_LocalScale: {x: 1, y: 1, z: 0.1}
  m_ConstrainProportionsScale: 0
  m_Children:
  - {fileID: 5414855103274141530}
  m_Father: {fileID: 1311358870712609705}
  m_RootOrder: 4
  m_LocalEulerAnglesHint: {x: 0, y: 0, z: 0}
--- !u!33 &3836205668195531584
MeshFilter:
  m_ObjectHideFlags: 0
  m_CorrespondingSourceObject: {fileID: 0}
  m_PrefabInstance: {fileID: 0}
  m_PrefabAsset: {fileID: 0}
  m_GameObject: {fileID: 786057035159819393}
  m_Mesh: {fileID: 10202, guid: 0000000000000000e000000000000000, type: 0}
--- !u!23 &3481714386934397487
MeshRenderer:
  m_ObjectHideFlags: 0
  m_CorrespondingSourceObject: {fileID: 0}
  m_PrefabInstance: {fileID: 0}
  m_PrefabAsset: {fileID: 0}
  m_GameObject: {fileID: 786057035159819393}
  m_Enabled: 1
  m_CastShadows: 1
  m_ReceiveShadows: 1
  m_DynamicOccludee: 1
  m_StaticShadowCaster: 0
  m_MotionVectors: 1
  m_LightProbeUsage: 1
  m_ReflectionProbeUsage: 1
  m_RayTracingMode: 2
  m_RayTraceProcedural: 0
  m_RenderingLayerMask: 1
  m_RendererPriority: 0
  m_Materials:
  - {fileID: 2100000, guid: 25e91c1731fef4e59b091e1031a6e3e4, type: 2}
  m_StaticBatchInfo:
    firstSubMesh: 0
    subMeshCount: 0
  m_StaticBatchRoot: {fileID: 0}
  m_ProbeAnchor: {fileID: 0}
  m_LightProbeVolumeOverride: {fileID: 0}
  m_ScaleInLightmap: 1
  m_ReceiveGI: 1
  m_PreserveUVs: 0
  m_IgnoreNormalsForChartDetection: 0
  m_ImportantGI: 0
  m_StitchLightmapSeams: 1
  m_SelectedEditorRenderState: 3
  m_MinimumChartSize: 4
  m_AutoUVMaxDistance: 0.5
  m_AutoUVMaxAngle: 89
  m_LightmapParameters: {fileID: 0}
  m_SortingLayerID: 0
  m_SortingLayer: 0
  m_SortingOrder: 0
  m_AdditionalVertexStreams: {fileID: 0}
--- !u!65 &7529161950324681427
BoxCollider:
  m_ObjectHideFlags: 0
  m_CorrespondingSourceObject: {fileID: 0}
  m_PrefabInstance: {fileID: 0}
  m_PrefabAsset: {fileID: 0}
  m_GameObject: {fileID: 786057035159819393}
  m_Material: {fileID: 0}
  m_IsTrigger: 0
  m_Enabled: 1
  serializedVersion: 2
  m_Size: {x: 1, y: 1, z: 1}
  m_Center: {x: 0, y: 0, z: 0}
--- !u!54 &3303038438605975138
Rigidbody:
  m_ObjectHideFlags: 0
  m_CorrespondingSourceObject: {fileID: 0}
  m_PrefabInstance: {fileID: 0}
  m_PrefabAsset: {fileID: 0}
  m_GameObject: {fileID: 786057035159819393}
  serializedVersion: 2
  m_Mass: 1
  m_Drag: 0
  m_AngularDrag: 0.05
  m_UseGravity: 0
  m_IsKinematic: 0
  m_Interpolate: 0
  m_Constraints: 126
  m_CollisionDetection: 0
--- !u!114 &2541697991565386130
MonoBehaviour:
  m_ObjectHideFlags: 0
  m_CorrespondingSourceObject: {fileID: 0}
  m_PrefabInstance: {fileID: 0}
  m_PrefabAsset: {fileID: 0}
  m_GameObject: {fileID: 786057035159819393}
  m_Enabled: 1
  m_EditorHideFlags: 0
  m_Script: {fileID: 11500000, guid: f61f96ed38f784163821b330266b7f2c, type: 3}
  m_Name: 
  m_EditorClassIdentifier: 
  boss: {fileID: 1216466630629813590}
  bossGuardForward: {fileID: 1457414451091176050}
  bossGuardLeft: {fileID: 89036294}
  bossGuardRight: {fileID: 81164581}
  bossGuardBack: {fileID: 786057035159819393}
  attackPoint: {fileID: 5396600776553654722}
  damageEffactPrefab: {fileID: 1051482265899649095, guid: c8fa1e3be8b7842cbac0284c91920e40,
    type: 3}
  bossGuardSpawnEffect: {fileID: 7569451302452698695, guid: 49bf60e23427b43c0939584e1e806bdc,
    type: 3}
  bossGuardDestroyEffect: {fileID: 9072141341526321785, guid: 9ed72e4c7d3c14c18a9534404e58365c,
    type: 3}
  bossGuardHpSlider: {fileID: 5728425126429893417}
  bossGuardDestroySound: {fileID: 8300000, guid: 7343d79214a624b3e8f93c05e28bd2d6,
    type: 3}
  damageSound: {fileID: 8300000, guid: 2c506d01e897d459885be96e01fcbea0, type: 3}
  spawnSound: {fileID: 8300000, guid: df954246832724fbd93e37a8e211fe42, type: 3}
  bossGuardHp: 300
--- !u!114 &6279088333446232548
MonoBehaviour:
  m_ObjectHideFlags: 0
  m_CorrespondingSourceObject: {fileID: 0}
  m_PrefabInstance: {fileID: 0}
  m_PrefabAsset: {fileID: 0}
  m_GameObject: {fileID: 786057035159819393}
  m_Enabled: 1
  m_EditorHideFlags: 0
  m_Script: {fileID: 11500000, guid: d0b148fe25e99eb48b9724523833bab1, type: 3}
  m_Name: 
  m_EditorClassIdentifier: 
  m_Delegates:
  - eventID: 2
    callback:
      m_PersistentCalls:
        m_Calls:
        - m_Target: {fileID: 2541697991565386130}
          m_TargetAssemblyTypeName: BossGuardController, Assembly-CSharp
          m_MethodName: OnMouseDown
          m_Mode: 1
          m_Arguments:
            m_ObjectArgument: {fileID: 0}
            m_ObjectArgumentAssemblyTypeName: UnityEngine.Object, UnityEngine
            m_IntArgument: 0
            m_FloatArgument: 0
            m_StringArgument: 
            m_BoolArgument: 0
          m_CallState: 2
--- !u!1 &1062319062480316747
GameObject:
  m_ObjectHideFlags: 0
  m_CorrespondingSourceObject: {fileID: 0}
  m_PrefabInstance: {fileID: 0}
  m_PrefabAsset: {fileID: 0}
  serializedVersion: 6
  m_Component:
  - component: {fileID: 2681420570759333043}
  - component: {fileID: 7591643982685883445}
  m_Layer: 0
  m_Name: GuardAttackPoint
  m_TagString: Untagged
  m_Icon: {fileID: 0}
  m_NavMeshLayer: 0
  m_StaticEditorFlags: 0
  m_IsActive: 0
--- !u!4 &2681420570759333043
Transform:
  m_ObjectHideFlags: 0
  m_CorrespondingSourceObject: {fileID: 0}
  m_PrefabInstance: {fileID: 0}
  m_PrefabAsset: {fileID: 0}
  m_GameObject: {fileID: 1062319062480316747}
  m_LocalRotation: {x: 0, y: 0, z: 0, w: 1}
  m_LocalPosition: {x: 0, y: 0, z: 0}
  m_LocalScale: {x: 1, y: 1, z: 1}
  m_ConstrainProportionsScale: 0
  m_Children: []
  m_Father: {fileID: 89036295}
  m_RootOrder: 0
  m_LocalEulerAnglesHint: {x: 0, y: 0, z: 0}
--- !u!114 &7591643982685883445
MonoBehaviour:
  m_ObjectHideFlags: 0
  m_CorrespondingSourceObject: {fileID: 0}
  m_PrefabInstance: {fileID: 0}
  m_PrefabAsset: {fileID: 0}
  m_GameObject: {fileID: 1062319062480316747}
  m_Enabled: 1
  m_EditorHideFlags: 0
  m_Script: {fileID: 11500000, guid: 6ca2e235d54264dd793638a04f668f3c, type: 3}
  m_Name: 
  m_EditorClassIdentifier: 
  boss: {fileID: 1216466630629813590}
  shellPrefab: {fileID: 1750849021691852751, guid: f491a1f8fb5fc4012a579b2474c306e3,
    type: 3}
  shotIntervalPlus: 5
  shotSound: {fileID: 8300000, guid: 6f14e263c69d54cb79749022a3833677, type: 3}
--- !u!1 &1216466630629813590
GameObject:
  m_ObjectHideFlags: 0
  m_CorrespondingSourceObject: {fileID: 0}
  m_PrefabInstance: {fileID: 0}
  m_PrefabAsset: {fileID: 0}
  serializedVersion: 6
  m_Component:
  - component: {fileID: 1311358870712609705}
  - component: {fileID: 445433969020041929}
  - component: {fileID: 5067603801724638556}
  - component: {fileID: 7705779737701800293}
  - component: {fileID: 7963833246383744578}
  - component: {fileID: 87991221931917877}
  - component: {fileID: 8549786930224124157}
  m_Layer: 0
  m_Name: BossPrefab
  m_TagString: Boss
  m_Icon: {fileID: 0}
  m_NavMeshLayer: 0
  m_StaticEditorFlags: 0
  m_IsActive: 1
--- !u!4 &1311358870712609705
Transform:
  m_ObjectHideFlags: 0
  m_CorrespondingSourceObject: {fileID: 0}
  m_PrefabInstance: {fileID: 0}
  m_PrefabAsset: {fileID: 0}
  m_GameObject: {fileID: 1216466630629813590}
  m_LocalRotation: {x: 0, y: 0, z: 0, w: 1}
  m_LocalPosition: {x: 0, y: 15, z: -15}
  m_LocalScale: {x: 15, y: 15, z: 15}
  m_ConstrainProportionsScale: 0
  m_Children:
  - {fileID: 7129353464265759019}
  - {fileID: 4781993165627626010}
  - {fileID: 89036295}
  - {fileID: 81164582}
  - {fileID: 8220502580511250516}
  - {fileID: 7286366078441000230}
  - {fileID: 3469994500409679257}
  - {fileID: 5568677142790400345}
  - {fileID: 5474578524566008926}
  m_Father: {fileID: 0}
  m_RootOrder: 0
  m_LocalEulerAnglesHint: {x: 0, y: 0, z: 0}
--- !u!33 &445433969020041929
MeshFilter:
  m_ObjectHideFlags: 0
  m_CorrespondingSourceObject: {fileID: 0}
  m_PrefabInstance: {fileID: 0}
  m_PrefabAsset: {fileID: 0}
  m_GameObject: {fileID: 1216466630629813590}
  m_Mesh: {fileID: 10207, guid: 0000000000000000e000000000000000, type: 0}
--- !u!23 &5067603801724638556
MeshRenderer:
  m_ObjectHideFlags: 0
  m_CorrespondingSourceObject: {fileID: 0}
  m_PrefabInstance: {fileID: 0}
  m_PrefabAsset: {fileID: 0}
  m_GameObject: {fileID: 1216466630629813590}
  m_Enabled: 1
  m_CastShadows: 1
  m_ReceiveShadows: 1
  m_DynamicOccludee: 1
  m_StaticShadowCaster: 0
  m_MotionVectors: 1
  m_LightProbeUsage: 1
  m_ReflectionProbeUsage: 1
  m_RayTracingMode: 2
  m_RayTraceProcedural: 0
  m_RenderingLayerMask: 1
  m_RendererPriority: 0
  m_Materials:
  - {fileID: 2100000, guid: 25e91c1731fef4e59b091e1031a6e3e4, type: 2}
  m_StaticBatchInfo:
    firstSubMesh: 0
    subMeshCount: 0
  m_StaticBatchRoot: {fileID: 0}
  m_ProbeAnchor: {fileID: 0}
  m_LightProbeVolumeOverride: {fileID: 0}
  m_ScaleInLightmap: 1
  m_ReceiveGI: 1
  m_PreserveUVs: 0
  m_IgnoreNormalsForChartDetection: 0
  m_ImportantGI: 0
  m_StitchLightmapSeams: 1
  m_SelectedEditorRenderState: 3
  m_MinimumChartSize: 4
  m_AutoUVMaxDistance: 0.5
  m_AutoUVMaxAngle: 89
  m_LightmapParameters: {fileID: 0}
  m_SortingLayerID: 0
  m_SortingLayer: 0
  m_SortingOrder: 0
  m_AdditionalVertexStreams: {fileID: 0}
--- !u!135 &7705779737701800293
SphereCollider:
  m_ObjectHideFlags: 0
  m_CorrespondingSourceObject: {fileID: 0}
  m_PrefabInstance: {fileID: 0}
  m_PrefabAsset: {fileID: 0}
  m_GameObject: {fileID: 1216466630629813590}
  m_Material: {fileID: 0}
  m_IsTrigger: 0
  m_Enabled: 1
  serializedVersion: 2
  m_Radius: 0.5
  m_Center: {x: 0, y: 0, z: 0}
--- !u!114 &7963833246383744578
MonoBehaviour:
  m_ObjectHideFlags: 0
  m_CorrespondingSourceObject: {fileID: 0}
  m_PrefabInstance: {fileID: 0}
  m_PrefabAsset: {fileID: 0}
  m_GameObject: {fileID: 1216466630629813590}
  m_Enabled: 1
  m_EditorHideFlags: 0
  m_Script: {fileID: 11500000, guid: 3ff437442a17943bdbb178afedb25c4c, type: 3}
  m_Name: 
  m_EditorClassIdentifier: 
  sliderColider: {fileID: 0}
  bossLineAttackShell: {fileID: 5227469467544071391, guid: 28ed5b1e886f34c95bb82ec81ded1a6e,
    type: 3}
  bossDestroyEffect1: {fileID: 1346675569108257239, guid: e3455d9f08547456a99e5463fbec7d0f,
    type: 3}
  bossDestroyEffect2: {fileID: 9072141341526321785, guid: 9ed72e4c7d3c14c18a9534404e58365c,
    type: 3}
  damageEffactPrefab: {fileID: 1051482265899649095, guid: c8fa1e3be8b7842cbac0284c91920e40,
    type: 3}
  invincibleDamageEffactPrefab: {fileID: 8460667080445658512, guid: a3e2c3406e02f2c4ba86cfb1604277bd,
    type: 3}
  bossSpawnEffect: {fileID: 7569451302452698695, guid: 10863b43f953f4d818bcc5353566bf8e,
    type: 3}
  bossGuardSpawnEffect: {fileID: 1714681308540598, guid: 5cbc537826220e04592d5a41a0dd985f,
    type: 3}
  breakDownEfect:
  - {fileID: 5195423483026079147}
  - {fileID: 3853346148313745771}
  - {fileID: 3731130676674204780}
  bossHpSlider: {fileID: 1159769291170258294}
  enemy: {fileID: 0}
  attackPoint: {fileID: 4499645075831653142}
  bossGuardForward: {fileID: 1457414451091176050}
  bossGuardLeft: {fileID: 89036294}
  bossGuardRight: {fileID: 81164581}
  bossGuardBack: {fileID: 786057035159819393}
  bossMoveArea: {fileID: 0}
  bossGuardRadiusInterval: 15
  bossGuardRadiusSpeed: 0.3
  shotSound: {fileID: 8300000, guid: 3fea0bb6b2c54473ab3970f0e091cc20, type: 3}
  bossDestroySound: {fileID: 8300000, guid: 7343d79214a624b3e8f93c05e28bd2d6, type: 3}
  bossColiderSound: {fileID: 8300000, guid: e40600d8854ba486b8c9ef2b72630a88, type: 3}
  damageSound: {fileID: 8300000, guid: 2c506d01e897d459885be96e01fcbea0, type: 3}
  invincibleDamageSound: {fileID: 8300000, guid: 0f9a72815d4c140849dee5c1d30fb5ef,
    type: 3}
  bossHpSliderValue: {fileID: 1159769291170258292}
  bossGuardCurrentCount: 0
  bossHp: 1800
  target: {fileID: 0}
--- !u!114 &87991221931917877
MonoBehaviour:
  m_ObjectHideFlags: 0
  m_CorrespondingSourceObject: {fileID: 0}
  m_PrefabInstance: {fileID: 0}
  m_PrefabAsset: {fileID: 0}
  m_GameObject: {fileID: 1216466630629813590}
  m_Enabled: 1
  m_EditorHideFlags: 0
  m_Script: {fileID: 11500000, guid: d0b148fe25e99eb48b9724523833bab1, type: 3}
  m_Name: 
  m_EditorClassIdentifier: 
  m_Delegates:
  - eventID: 2
    callback:
      m_PersistentCalls:
        m_Calls:
        - m_Target: {fileID: 7963833246383744578}
          m_TargetAssemblyTypeName: BossController, Assembly-CSharp
          m_MethodName: OnMouseDown
          m_Mode: 1
          m_Arguments:
            m_ObjectArgument: {fileID: 0}
            m_ObjectArgumentAssemblyTypeName: UnityEngine.Object, UnityEngine
            m_IntArgument: 0
            m_FloatArgument: 0
            m_StringArgument: 
            m_BoolArgument: 0
          m_CallState: 2
--- !u!195 &8549786930224124157
NavMeshAgent:
  m_ObjectHideFlags: 0
  m_CorrespondingSourceObject: {fileID: 0}
  m_PrefabInstance: {fileID: 0}
  m_PrefabAsset: {fileID: 0}
  m_GameObject: {fileID: 1216466630629813590}
  m_Enabled: 1
  m_AgentTypeID: 0
  m_Radius: 0.5
  m_Speed: 8
  m_Acceleration: 8
  avoidancePriority: 50
  m_AngularSpeed: 120
  m_StoppingDistance: 45
  m_AutoTraverseOffMeshLink: 1
  m_AutoBraking: 1
  m_AutoRepath: 1
  m_Height: 1
  m_BaseOffset: 0.5
  m_WalkableMask: 4294967295
  m_ObstacleAvoidanceType: 2
--- !u!1 &1457414451091176050
GameObject:
  m_ObjectHideFlags: 0
  m_CorrespondingSourceObject: {fileID: 0}
  m_PrefabInstance: {fileID: 0}
  m_PrefabAsset: {fileID: 0}
  serializedVersion: 6
  m_Component:
  - component: {fileID: 4781993165627626010}
  - component: {fileID: 7584781774997321062}
  - component: {fileID: 1121055714574179730}
  - component: {fileID: 7337635282954216688}
  - component: {fileID: 3097688891171818082}
  - component: {fileID: 2255874707188277605}
  - component: {fileID: 224589207340403828}
  m_Layer: 0
  m_Name: ForwardGuard
  m_TagString: BossGuard
  m_Icon: {fileID: 0}
  m_NavMeshLayer: 0
  m_StaticEditorFlags: 0
  m_IsActive: 0
--- !u!4 &4781993165627626010
Transform:
  m_ObjectHideFlags: 0
  m_CorrespondingSourceObject: {fileID: 0}
  m_PrefabInstance: {fileID: 0}
  m_PrefabAsset: {fileID: 0}
  m_GameObject: {fileID: 1457414451091176050}
  m_LocalRotation: {x: 0, y: 0, z: 0, w: 1}
  m_LocalPosition: {x: 0, y: 0, z: 1}
  m_LocalScale: {x: 1, y: 1, z: 0.1}
  m_ConstrainProportionsScale: 0
  m_Children:
  - {fileID: 8009056196810209890}
  m_Father: {fileID: 1311358870712609705}
  m_RootOrder: 1
  m_LocalEulerAnglesHint: {x: 0, y: 0, z: 0}
--- !u!33 &7584781774997321062
MeshFilter:
  m_ObjectHideFlags: 0
  m_CorrespondingSourceObject: {fileID: 0}
  m_PrefabInstance: {fileID: 0}
  m_PrefabAsset: {fileID: 0}
  m_GameObject: {fileID: 1457414451091176050}
  m_Mesh: {fileID: 10202, guid: 0000000000000000e000000000000000, type: 0}
--- !u!23 &1121055714574179730
MeshRenderer:
  m_ObjectHideFlags: 0
  m_CorrespondingSourceObject: {fileID: 0}
  m_PrefabInstance: {fileID: 0}
  m_PrefabAsset: {fileID: 0}
  m_GameObject: {fileID: 1457414451091176050}
  m_Enabled: 1
  m_CastShadows: 1
  m_ReceiveShadows: 1
  m_DynamicOccludee: 1
  m_StaticShadowCaster: 0
  m_MotionVectors: 1
  m_LightProbeUsage: 1
  m_ReflectionProbeUsage: 1
  m_RayTracingMode: 2
  m_RayTraceProcedural: 0
  m_RenderingLayerMask: 1
  m_RendererPriority: 0
  m_Materials:
  - {fileID: 2100000, guid: 25e91c1731fef4e59b091e1031a6e3e4, type: 2}
  m_StaticBatchInfo:
    firstSubMesh: 0
    subMeshCount: 0
  m_StaticBatchRoot: {fileID: 0}
  m_ProbeAnchor: {fileID: 0}
  m_LightProbeVolumeOverride: {fileID: 0}
  m_ScaleInLightmap: 1
  m_ReceiveGI: 1
  m_PreserveUVs: 0
  m_IgnoreNormalsForChartDetection: 0
  m_ImportantGI: 0
  m_StitchLightmapSeams: 1
  m_SelectedEditorRenderState: 3
  m_MinimumChartSize: 4
  m_AutoUVMaxDistance: 0.5
  m_AutoUVMaxAngle: 89
  m_LightmapParameters: {fileID: 0}
  m_SortingLayerID: 0
  m_SortingLayer: 0
  m_SortingOrder: 0
  m_AdditionalVertexStreams: {fileID: 0}
--- !u!65 &7337635282954216688
BoxCollider:
  m_ObjectHideFlags: 0
  m_CorrespondingSourceObject: {fileID: 0}
  m_PrefabInstance: {fileID: 0}
  m_PrefabAsset: {fileID: 0}
  m_GameObject: {fileID: 1457414451091176050}
  m_Material: {fileID: 0}
  m_IsTrigger: 0
  m_Enabled: 1
  serializedVersion: 2
  m_Size: {x: 1, y: 1, z: 1}
  m_Center: {x: 0, y: 0, z: 0}
--- !u!54 &3097688891171818082
Rigidbody:
  m_ObjectHideFlags: 0
  m_CorrespondingSourceObject: {fileID: 0}
  m_PrefabInstance: {fileID: 0}
  m_PrefabAsset: {fileID: 0}
  m_GameObject: {fileID: 1457414451091176050}
  serializedVersion: 2
  m_Mass: 1
  m_Drag: 0
  m_AngularDrag: 0.05
  m_UseGravity: 0
  m_IsKinematic: 0
  m_Interpolate: 0
  m_Constraints: 126
  m_CollisionDetection: 0
--- !u!114 &2255874707188277605
MonoBehaviour:
  m_ObjectHideFlags: 0
  m_CorrespondingSourceObject: {fileID: 0}
  m_PrefabInstance: {fileID: 0}
  m_PrefabAsset: {fileID: 0}
  m_GameObject: {fileID: 1457414451091176050}
  m_Enabled: 1
  m_EditorHideFlags: 0
  m_Script: {fileID: 11500000, guid: f61f96ed38f784163821b330266b7f2c, type: 3}
  m_Name: 
  m_EditorClassIdentifier: 
  boss: {fileID: 1216466630629813590}
  bossGuardForward: {fileID: 1457414451091176050}
  bossGuardLeft: {fileID: 89036294}
  bossGuardRight: {fileID: 81164581}
  bossGuardBack: {fileID: 786057035159819393}
  attackPoint: {fileID: 492785288991155360}
  damageEffactPrefab: {fileID: 1051482265899649095, guid: c8fa1e3be8b7842cbac0284c91920e40,
    type: 3}
  bossGuardSpawnEffect: {fileID: 7569451302452698695, guid: 49bf60e23427b43c0939584e1e806bdc,
    type: 3}
  bossGuardDestroyEffect: {fileID: 9072141341526321785, guid: 9ed72e4c7d3c14c18a9534404e58365c,
    type: 3}
  bossGuardHpSlider: {fileID: 986515761881643231}
  bossGuardDestroySound: {fileID: 8300000, guid: 7343d79214a624b3e8f93c05e28bd2d6,
    type: 3}
  damageSound: {fileID: 8300000, guid: 2c506d01e897d459885be96e01fcbea0, type: 3}
  spawnSound: {fileID: 8300000, guid: df954246832724fbd93e37a8e211fe42, type: 3}
  bossGuardHp: 300
--- !u!114 &224589207340403828
MonoBehaviour:
  m_ObjectHideFlags: 0
  m_CorrespondingSourceObject: {fileID: 0}
  m_PrefabInstance: {fileID: 0}
  m_PrefabAsset: {fileID: 0}
  m_GameObject: {fileID: 1457414451091176050}
  m_Enabled: 1
  m_EditorHideFlags: 0
  m_Script: {fileID: 11500000, guid: d0b148fe25e99eb48b9724523833bab1, type: 3}
  m_Name: 
  m_EditorClassIdentifier: 
  m_Delegates:
  - eventID: 2
    callback:
      m_PersistentCalls:
        m_Calls:
        - m_Target: {fileID: 2255874707188277605}
          m_TargetAssemblyTypeName: BossGuardController, Assembly-CSharp
          m_MethodName: OnMouseDown
          m_Mode: 1
          m_Arguments:
            m_ObjectArgument: {fileID: 0}
            m_ObjectArgumentAssemblyTypeName: UnityEngine.Object, UnityEngine
            m_IntArgument: 0
            m_FloatArgument: 0
            m_StringArgument: 
            m_BoolArgument: 0
          m_CallState: 2
--- !u!1 &4499645075831653142
GameObject:
  m_ObjectHideFlags: 0
  m_CorrespondingSourceObject: {fileID: 0}
  m_PrefabInstance: {fileID: 0}
  m_PrefabAsset: {fileID: 0}
  serializedVersion: 6
  m_Component:
  - component: {fileID: 7286366078441000230}
  - component: {fileID: 3301824510017636507}
  m_Layer: 0
  m_Name: BossAttackPoint
  m_TagString: Untagged
  m_Icon: {fileID: 0}
  m_NavMeshLayer: 0
  m_StaticEditorFlags: 0
  m_IsActive: 0
--- !u!4 &7286366078441000230
Transform:
  m_ObjectHideFlags: 0
  m_CorrespondingSourceObject: {fileID: 0}
  m_PrefabInstance: {fileID: 0}
  m_PrefabAsset: {fileID: 0}
  m_GameObject: {fileID: 4499645075831653142}
  m_LocalRotation: {x: -0, y: -0, z: -0, w: 1}
  m_LocalPosition: {x: 0, y: 0, z: 0}
  m_LocalScale: {x: 1, y: 1, z: 0.099999994}
  m_ConstrainProportionsScale: 0
  m_Children: []
  m_Father: {fileID: 1311358870712609705}
  m_RootOrder: 5
  m_LocalEulerAnglesHint: {x: 0, y: 0, z: 0}
--- !u!114 &3301824510017636507
MonoBehaviour:
  m_ObjectHideFlags: 0
  m_CorrespondingSourceObject: {fileID: 0}
  m_PrefabInstance: {fileID: 0}
  m_PrefabAsset: {fileID: 0}
  m_GameObject: {fileID: 4499645075831653142}
  m_Enabled: 1
  m_EditorHideFlags: 0
  m_Script: {fileID: 11500000, guid: 6ca2e235d54264dd793638a04f668f3c, type: 3}
  m_Name: 
  m_EditorClassIdentifier: 
  boss: {fileID: 1216466630629813590}
  shellPrefab: {fileID: 1750849021691852751, guid: 9eae062c532434cf5b778948f1d38d28,
    type: 3}
  shotIntervalPlus: 10
  shotSound: {fileID: 8300000, guid: 6f14e263c69d54cb79749022a3833677, type: 3}
--- !u!1 &5396600776553654722
GameObject:
  m_ObjectHideFlags: 0
  m_CorrespondingSourceObject: {fileID: 0}
  m_PrefabInstance: {fileID: 0}
  m_PrefabAsset: {fileID: 0}
  serializedVersion: 6
  m_Component:
  - component: {fileID: 5414855103274141530}
  - component: {fileID: 4477253379211517231}
  m_Layer: 0
  m_Name: GuardAttackPoint
  m_TagString: Untagged
  m_Icon: {fileID: 0}
  m_NavMeshLayer: 0
  m_StaticEditorFlags: 0
  m_IsActive: 0
--- !u!4 &5414855103274141530
Transform:
  m_ObjectHideFlags: 0
  m_CorrespondingSourceObject: {fileID: 0}
  m_PrefabInstance: {fileID: 0}
  m_PrefabAsset: {fileID: 0}
  m_GameObject: {fileID: 5396600776553654722}
  m_LocalRotation: {x: -0, y: -0, z: -0, w: 1}
  m_LocalPosition: {x: 0, y: 0, z: 0}
  m_LocalScale: {x: 1, y: 1, z: 1}
  m_ConstrainProportionsScale: 0
  m_Children: []
  m_Father: {fileID: 8220502580511250516}
  m_RootOrder: 0
  m_LocalEulerAnglesHint: {x: 0, y: 0, z: 0}
--- !u!114 &4477253379211517231
MonoBehaviour:
  m_ObjectHideFlags: 0
  m_CorrespondingSourceObject: {fileID: 0}
  m_PrefabInstance: {fileID: 0}
  m_PrefabAsset: {fileID: 0}
  m_GameObject: {fileID: 5396600776553654722}
  m_Enabled: 1
  m_EditorHideFlags: 0
  m_Script: {fileID: 11500000, guid: 6ca2e235d54264dd793638a04f668f3c, type: 3}
  m_Name: 
  m_EditorClassIdentifier: 
  boss: {fileID: 1216466630629813590}
  shellPrefab: {fileID: 1750849021691852751, guid: f491a1f8fb5fc4012a579b2474c306e3,
    type: 3}
  shotIntervalPlus: 5
  shotSound: {fileID: 8300000, guid: 6f14e263c69d54cb79749022a3833677, type: 3}
--- !u!1 &7984533407289358276
GameObject:
  m_ObjectHideFlags: 0
  m_CorrespondingSourceObject: {fileID: 0}
  m_PrefabInstance: {fileID: 0}
  m_PrefabAsset: {fileID: 0}
  serializedVersion: 6
  m_Component:
  - component: {fileID: 7129353464265759019}
  - component: {fileID: 485677033900868966}
  - component: {fileID: 8861538369460956053}
  - component: {fileID: 5448343923897317020}
  m_Layer: 0
  m_Name: Canvas
  m_TagString: Untagged
  m_Icon: {fileID: 0}
  m_NavMeshLayer: 0
  m_StaticEditorFlags: 0
  m_IsActive: 1
--- !u!224 &7129353464265759019
RectTransform:
  m_ObjectHideFlags: 0
  m_CorrespondingSourceObject: {fileID: 0}
  m_PrefabInstance: {fileID: 0}
  m_PrefabAsset: {fileID: 0}
  m_GameObject: {fileID: 7984533407289358276}
  m_LocalRotation: {x: 0, y: 0, z: 0, w: 1}
  m_LocalPosition: {x: 0, y: 0, z: 0}
  m_LocalScale: {x: 0, y: 0, z: 0}
  m_ConstrainProportionsScale: 0
  m_Children:
  - {fileID: 1159769291170258295}
  - {fileID: 986515761881643230}
  - {fileID: 5814589209455600829}
  - {fileID: 697038358068040403}
  - {fileID: 5728425126429893416}
  m_Father: {fileID: 1311358870712609705}
  m_RootOrder: 0
  m_LocalEulerAnglesHint: {x: 0, y: 0, z: 0}
  m_AnchorMin: {x: 0, y: 0}
  m_AnchorMax: {x: 0, y: 0}
  m_AnchoredPosition: {x: 0, y: 0}
  m_SizeDelta: {x: 0, y: 0}
  m_Pivot: {x: 0, y: 0}
--- !u!223 &485677033900868966
Canvas:
  m_ObjectHideFlags: 0
  m_CorrespondingSourceObject: {fileID: 0}
  m_PrefabInstance: {fileID: 0}
  m_PrefabAsset: {fileID: 0}
  m_GameObject: {fileID: 7984533407289358276}
  m_Enabled: 1
  serializedVersion: 3
  m_RenderMode: 0
  m_Camera: {fileID: 0}
  m_PlaneDistance: 100
  m_PixelPerfect: 0
  m_ReceivesEvents: 1
  m_OverrideSorting: 0
  m_OverridePixelPerfect: 0
  m_SortingBucketNormalizedSize: 0
  m_AdditionalShaderChannelsFlag: 0
  m_SortingLayerID: 0
  m_SortingOrder: 0
  m_TargetDisplay: 0
--- !u!114 &8861538369460956053
MonoBehaviour:
  m_ObjectHideFlags: 0
  m_CorrespondingSourceObject: {fileID: 0}
  m_PrefabInstance: {fileID: 0}
  m_PrefabAsset: {fileID: 0}
  m_GameObject: {fileID: 7984533407289358276}
  m_Enabled: 1
  m_EditorHideFlags: 0
  m_Script: {fileID: 11500000, guid: 0cd44c1031e13a943bb63640046fad76, type: 3}
  m_Name: 
  m_EditorClassIdentifier: 
  m_UiScaleMode: 1
  m_ReferencePixelsPerUnit: 100
  m_ScaleFactor: 1
  m_ReferenceResolution: {x: 1334, y: 750}
  m_ScreenMatchMode: 2
  m_MatchWidthOrHeight: 0
  m_PhysicalUnit: 3
  m_FallbackScreenDPI: 96
  m_DefaultSpriteDPI: 96
  m_DynamicPixelsPerUnit: 1
  m_PresetInfoIsWorld: 0
--- !u!114 &5448343923897317020
MonoBehaviour:
  m_ObjectHideFlags: 0
  m_CorrespondingSourceObject: {fileID: 0}
  m_PrefabInstance: {fileID: 0}
  m_PrefabAsset: {fileID: 0}
  m_GameObject: {fileID: 7984533407289358276}
  m_Enabled: 1
  m_EditorHideFlags: 0
  m_Script: {fileID: 11500000, guid: dc42784cf147c0c48a680349fa168899, type: 3}
  m_Name: 
  m_EditorClassIdentifier: 
  m_IgnoreReversedGraphics: 1
  m_BlockingObjects: 0
  m_BlockingMask:
    serializedVersion: 2
    m_Bits: 4294967295
--- !u!1 &8451387777130395778
GameObject:
  m_ObjectHideFlags: 0
  m_CorrespondingSourceObject: {fileID: 0}
  m_PrefabInstance: {fileID: 0}
  m_PrefabAsset: {fileID: 0}
  serializedVersion: 6
  m_Component:
  - component: {fileID: 2087515117086835393}
  - component: {fileID: 2208122725748796648}
  m_Layer: 0
  m_Name: GuardAttackPoint
  m_TagString: Untagged
  m_Icon: {fileID: 0}
  m_NavMeshLayer: 0
  m_StaticEditorFlags: 0
  m_IsActive: 0
--- !u!4 &2087515117086835393
Transform:
  m_ObjectHideFlags: 0
  m_CorrespondingSourceObject: {fileID: 0}
  m_PrefabInstance: {fileID: 0}
  m_PrefabAsset: {fileID: 0}
  m_GameObject: {fileID: 8451387777130395778}
  m_LocalRotation: {x: -0, y: -0, z: -0, w: 1}
  m_LocalPosition: {x: 0, y: 0, z: 0}
  m_LocalScale: {x: 1, y: 1, z: 1}
  m_ConstrainProportionsScale: 0
  m_Children: []
  m_Father: {fileID: 81164582}
  m_RootOrder: 0
  m_LocalEulerAnglesHint: {x: 0, y: 0, z: 0}
--- !u!114 &2208122725748796648
MonoBehaviour:
  m_ObjectHideFlags: 0
  m_CorrespondingSourceObject: {fileID: 0}
  m_PrefabInstance: {fileID: 0}
  m_PrefabAsset: {fileID: 0}
  m_GameObject: {fileID: 8451387777130395778}
  m_Enabled: 1
  m_EditorHideFlags: 0
  m_Script: {fileID: 11500000, guid: 6ca2e235d54264dd793638a04f668f3c, type: 3}
  m_Name: 
  m_EditorClassIdentifier: 
  boss: {fileID: 1216466630629813590}
  shellPrefab: {fileID: 1750849021691852751, guid: f491a1f8fb5fc4012a579b2474c306e3,
    type: 3}
  shotIntervalPlus: 5
  shotSound: {fileID: 8300000, guid: 6f14e263c69d54cb79749022a3833677, type: 3}
--- !u!1001 &2333480248681906157
PrefabInstance:
  m_ObjectHideFlags: 0
  serializedVersion: 2
  m_Modification:
    m_TransformParent: {fileID: 1311358870712609705}
    m_Modifications:
    - target: {fileID: 1415692110281681793, guid: 55427d3d7b8cf437782ca750ed70679a,
        type: 3}
      propertyPath: m_Name
      value: BreakDownEfect (2)
      objectReference: {fileID: 0}
    - target: {fileID: 1415692110281681793, guid: 55427d3d7b8cf437782ca750ed70679a,
        type: 3}
      propertyPath: m_IsActive
      value: 0
      objectReference: {fileID: 0}
    - target: {fileID: 3002358708922005942, guid: 55427d3d7b8cf437782ca750ed70679a,
        type: 3}
      propertyPath: lengthInSec
      value: 0.8
      objectReference: {fileID: 0}
    - target: {fileID: 3002358708922005942, guid: 55427d3d7b8cf437782ca750ed70679a,
        type: 3}
      propertyPath: startDelay.scalar
      value: 0.25
      objectReference: {fileID: 0}
    - target: {fileID: 3002358708922005942, guid: 55427d3d7b8cf437782ca750ed70679a,
        type: 3}
      propertyPath: SizeBySpeedModule.y.minMaxState
      value: 1
      objectReference: {fileID: 0}
    - target: {fileID: 3002358708922005942, guid: 55427d3d7b8cf437782ca750ed70679a,
        type: 3}
      propertyPath: SizeBySpeedModule.z.minMaxState
      value: 1
      objectReference: {fileID: 0}
    - target: {fileID: 3002358708922005942, guid: 55427d3d7b8cf437782ca750ed70679a,
        type: 3}
      propertyPath: EmissionModule.m_Bursts.Array.data[1].time
      value: 0.05
      objectReference: {fileID: 0}
    - target: {fileID: 3320362272355777395, guid: 55427d3d7b8cf437782ca750ed70679a,
        type: 3}
      propertyPath: lengthInSec
      value: 0.75
      objectReference: {fileID: 0}
    - target: {fileID: 3320362272355777395, guid: 55427d3d7b8cf437782ca750ed70679a,
        type: 3}
      propertyPath: VelocityModule.x.scalar
      value: 1.5
      objectReference: {fileID: 0}
    - target: {fileID: 3320362272355777395, guid: 55427d3d7b8cf437782ca750ed70679a,
        type: 3}
      propertyPath: VelocityModule.y.scalar
      value: 1.5
      objectReference: {fileID: 0}
    - target: {fileID: 3320362272355777395, guid: 55427d3d7b8cf437782ca750ed70679a,
        type: 3}
      propertyPath: VelocityModule.z.scalar
      value: 1.5
      objectReference: {fileID: 0}
    - target: {fileID: 3320362272355777395, guid: 55427d3d7b8cf437782ca750ed70679a,
        type: 3}
      propertyPath: VelocityModule.y.minScalar
      value: 0
      objectReference: {fileID: 0}
    - target: {fileID: 3320362272355777395, guid: 55427d3d7b8cf437782ca750ed70679a,
        type: 3}
      propertyPath: VelocityModule.inWorldSpace
      value: 0
      objectReference: {fileID: 0}
    - target: {fileID: 7670552727143566963, guid: 55427d3d7b8cf437782ca750ed70679a,
        type: 3}
      propertyPath: m_LocalScale.x
      value: 0.5
      objectReference: {fileID: 0}
    - target: {fileID: 7670552727143566963, guid: 55427d3d7b8cf437782ca750ed70679a,
        type: 3}
      propertyPath: m_LocalScale.y
      value: 0.5
      objectReference: {fileID: 0}
    - target: {fileID: 7670552727143566963, guid: 55427d3d7b8cf437782ca750ed70679a,
        type: 3}
      propertyPath: m_LocalScale.z
      value: 0.5
      objectReference: {fileID: 0}
    - target: {fileID: 7670552727143566963, guid: 55427d3d7b8cf437782ca750ed70679a,
        type: 3}
      propertyPath: m_LocalRotation.w
      value: 0.9417914
      objectReference: {fileID: 0}
    - target: {fileID: 7670552727143566963, guid: 55427d3d7b8cf437782ca750ed70679a,
        type: 3}
      propertyPath: m_LocalRotation.x
      value: 0.26923794
      objectReference: {fileID: 0}
    - target: {fileID: 7670552727143566963, guid: 55427d3d7b8cf437782ca750ed70679a,
        type: 3}
      propertyPath: m_LocalRotation.y
      value: -0.055343278
      objectReference: {fileID: 0}
    - target: {fileID: 7670552727143566963, guid: 55427d3d7b8cf437782ca750ed70679a,
        type: 3}
      propertyPath: m_LocalRotation.z
      value: -0.19359012
      objectReference: {fileID: 0}
    - target: {fileID: 7670552727143566963, guid: 55427d3d7b8cf437782ca750ed70679a,
        type: 3}
      propertyPath: m_LocalEulerAnglesHint.x
      value: 29.059
      objectReference: {fileID: 0}
    - target: {fileID: 7670552727143566963, guid: 55427d3d7b8cf437782ca750ed70679a,
        type: 3}
      propertyPath: m_LocalEulerAnglesHint.y
      value: -13.799
      objectReference: {fileID: 0}
    - target: {fileID: 7670552727143566963, guid: 55427d3d7b8cf437782ca750ed70679a,
        type: 3}
      propertyPath: m_LocalEulerAnglesHint.z
      value: -26.824
      objectReference: {fileID: 0}
    - target: {fileID: 7753988845807209395, guid: 55427d3d7b8cf437782ca750ed70679a,
        type: 3}
      propertyPath: m_RootOrder
      value: 8
      objectReference: {fileID: 0}
    - target: {fileID: 7753988845807209395, guid: 55427d3d7b8cf437782ca750ed70679a,
        type: 3}
      propertyPath: m_LocalPosition.x
      value: 0.4
      objectReference: {fileID: 0}
    - target: {fileID: 7753988845807209395, guid: 55427d3d7b8cf437782ca750ed70679a,
        type: 3}
      propertyPath: m_LocalPosition.y
      value: -0.25
      objectReference: {fileID: 0}
    - target: {fileID: 7753988845807209395, guid: 55427d3d7b8cf437782ca750ed70679a,
        type: 3}
      propertyPath: m_LocalPosition.z
      value: 0.15
      objectReference: {fileID: 0}
    - target: {fileID: 7753988845807209395, guid: 55427d3d7b8cf437782ca750ed70679a,
        type: 3}
      propertyPath: m_LocalRotation.w
      value: 1
      objectReference: {fileID: 0}
    - target: {fileID: 7753988845807209395, guid: 55427d3d7b8cf437782ca750ed70679a,
        type: 3}
      propertyPath: m_LocalRotation.x
      value: 0
      objectReference: {fileID: 0}
    - target: {fileID: 7753988845807209395, guid: 55427d3d7b8cf437782ca750ed70679a,
        type: 3}
      propertyPath: m_LocalRotation.y
      value: 0
      objectReference: {fileID: 0}
    - target: {fileID: 7753988845807209395, guid: 55427d3d7b8cf437782ca750ed70679a,
        type: 3}
      propertyPath: m_LocalRotation.z
      value: 0
      objectReference: {fileID: 0}
    - target: {fileID: 7753988845807209395, guid: 55427d3d7b8cf437782ca750ed70679a,
        type: 3}
      propertyPath: m_LocalEulerAnglesHint.x
      value: 0
      objectReference: {fileID: 0}
    - target: {fileID: 7753988845807209395, guid: 55427d3d7b8cf437782ca750ed70679a,
        type: 3}
      propertyPath: m_LocalEulerAnglesHint.y
      value: 0
      objectReference: {fileID: 0}
    - target: {fileID: 7753988845807209395, guid: 55427d3d7b8cf437782ca750ed70679a,
        type: 3}
      propertyPath: m_LocalEulerAnglesHint.z
      value: 0
      objectReference: {fileID: 0}
    - target: {fileID: 9165323042497487500, guid: 55427d3d7b8cf437782ca750ed70679a,
        type: 3}
      propertyPath: lengthInSec
      value: 0.75
      objectReference: {fileID: 0}
    - target: {fileID: 9165323042497487500, guid: 55427d3d7b8cf437782ca750ed70679a,
        type: 3}
      propertyPath: EmissionModule.m_Bursts.Array.data[1].time
      value: 0.05
      objectReference: {fileID: 0}
    - target: {fileID: 9165323042497487500, guid: 55427d3d7b8cf437782ca750ed70679a,
        type: 3}
      propertyPath: EmissionModule.m_Bursts.Array.data[2].time
      value: 0.05
      objectReference: {fileID: 0}
    m_RemovedComponents: []
  m_SourcePrefab: {fileID: 100100000, guid: 55427d3d7b8cf437782ca750ed70679a, type: 3}
--- !u!1 &3731130676674204780 stripped
GameObject:
  m_CorrespondingSourceObject: {fileID: 1415692110281681793, guid: 55427d3d7b8cf437782ca750ed70679a,
    type: 3}
  m_PrefabInstance: {fileID: 2333480248681906157}
  m_PrefabAsset: {fileID: 0}
--- !u!4 &5474578524566008926 stripped
Transform:
  m_CorrespondingSourceObject: {fileID: 7753988845807209395, guid: 55427d3d7b8cf437782ca750ed70679a,
    type: 3}
  m_PrefabInstance: {fileID: 2333480248681906157}
  m_PrefabAsset: {fileID: 0}
--- !u!1001 &2528562236436662843
PrefabInstance:
  m_ObjectHideFlags: 0
  serializedVersion: 2
  m_Modification:
    m_TransformParent: {fileID: 7129353464265759019}
    m_Modifications:
    - target: {fileID: 3079091348464326888, guid: 3f57faa652cb44e6c9be94f07530e36e,
        type: 3}
      propertyPath: m_Pivot.x
      value: 0.5
      objectReference: {fileID: 0}
    - target: {fileID: 3079091348464326888, guid: 3f57faa652cb44e6c9be94f07530e36e,
        type: 3}
      propertyPath: m_Pivot.y
      value: 0.5
      objectReference: {fileID: 0}
    - target: {fileID: 3079091348464326888, guid: 3f57faa652cb44e6c9be94f07530e36e,
        type: 3}
      propertyPath: m_RootOrder
      value: 3
      objectReference: {fileID: 0}
    - target: {fileID: 3079091348464326888, guid: 3f57faa652cb44e6c9be94f07530e36e,
        type: 3}
      propertyPath: m_AnchorMax.x
      value: 0.5
      objectReference: {fileID: 0}
    - target: {fileID: 3079091348464326888, guid: 3f57faa652cb44e6c9be94f07530e36e,
        type: 3}
      propertyPath: m_AnchorMax.y
      value: 1
      objectReference: {fileID: 0}
    - target: {fileID: 3079091348464326888, guid: 3f57faa652cb44e6c9be94f07530e36e,
        type: 3}
      propertyPath: m_AnchorMin.x
      value: 0.5
      objectReference: {fileID: 0}
    - target: {fileID: 3079091348464326888, guid: 3f57faa652cb44e6c9be94f07530e36e,
        type: 3}
      propertyPath: m_AnchorMin.y
      value: 1
      objectReference: {fileID: 0}
    - target: {fileID: 3079091348464326888, guid: 3f57faa652cb44e6c9be94f07530e36e,
        type: 3}
      propertyPath: m_SizeDelta.x
      value: 300
      objectReference: {fileID: 0}
    - target: {fileID: 3079091348464326888, guid: 3f57faa652cb44e6c9be94f07530e36e,
        type: 3}
      propertyPath: m_SizeDelta.y
      value: 50
      objectReference: {fileID: 0}
    - target: {fileID: 3079091348464326888, guid: 3f57faa652cb44e6c9be94f07530e36e,
        type: 3}
      propertyPath: m_LocalScale.x
      value: 1
      objectReference: {fileID: 0}
    - target: {fileID: 3079091348464326888, guid: 3f57faa652cb44e6c9be94f07530e36e,
        type: 3}
      propertyPath: m_LocalScale.y
      value: 1
      objectReference: {fileID: 0}
    - target: {fileID: 3079091348464326888, guid: 3f57faa652cb44e6c9be94f07530e36e,
        type: 3}
      propertyPath: m_LocalScale.z
      value: 1
      objectReference: {fileID: 0}
    - target: {fileID: 3079091348464326888, guid: 3f57faa652cb44e6c9be94f07530e36e,
        type: 3}
      propertyPath: m_LocalPosition.x
      value: 0
      objectReference: {fileID: 0}
    - target: {fileID: 3079091348464326888, guid: 3f57faa652cb44e6c9be94f07530e36e,
        type: 3}
      propertyPath: m_LocalPosition.y
      value: 0
      objectReference: {fileID: 0}
    - target: {fileID: 3079091348464326888, guid: 3f57faa652cb44e6c9be94f07530e36e,
        type: 3}
      propertyPath: m_LocalPosition.z
      value: -0
      objectReference: {fileID: 0}
    - target: {fileID: 3079091348464326888, guid: 3f57faa652cb44e6c9be94f07530e36e,
        type: 3}
      propertyPath: m_LocalRotation.w
      value: 1
      objectReference: {fileID: 0}
    - target: {fileID: 3079091348464326888, guid: 3f57faa652cb44e6c9be94f07530e36e,
        type: 3}
      propertyPath: m_LocalRotation.x
      value: -0
      objectReference: {fileID: 0}
    - target: {fileID: 3079091348464326888, guid: 3f57faa652cb44e6c9be94f07530e36e,
        type: 3}
      propertyPath: m_LocalRotation.y
      value: -0
      objectReference: {fileID: 0}
    - target: {fileID: 3079091348464326888, guid: 3f57faa652cb44e6c9be94f07530e36e,
        type: 3}
      propertyPath: m_LocalRotation.z
      value: -0
      objectReference: {fileID: 0}
    - target: {fileID: 3079091348464326888, guid: 3f57faa652cb44e6c9be94f07530e36e,
        type: 3}
      propertyPath: m_AnchoredPosition.x
      value: 0
      objectReference: {fileID: 0}
    - target: {fileID: 3079091348464326888, guid: 3f57faa652cb44e6c9be94f07530e36e,
        type: 3}
      propertyPath: m_AnchoredPosition.y
      value: -50
      objectReference: {fileID: 0}
    - target: {fileID: 3079091348464326888, guid: 3f57faa652cb44e6c9be94f07530e36e,
        type: 3}
      propertyPath: m_LocalEulerAnglesHint.x
      value: 0
      objectReference: {fileID: 0}
    - target: {fileID: 3079091348464326888, guid: 3f57faa652cb44e6c9be94f07530e36e,
        type: 3}
      propertyPath: m_LocalEulerAnglesHint.y
      value: 0
      objectReference: {fileID: 0}
    - target: {fileID: 3079091348464326888, guid: 3f57faa652cb44e6c9be94f07530e36e,
        type: 3}
      propertyPath: m_LocalEulerAnglesHint.z
      value: 0
      objectReference: {fileID: 0}
    - target: {fileID: 3079091348464326889, guid: 3f57faa652cb44e6c9be94f07530e36e,
        type: 3}
      propertyPath: m_Name
      value: RightGuardHPBar
      objectReference: {fileID: 0}
    - target: {fileID: 3079091348464326891, guid: 3f57faa652cb44e6c9be94f07530e36e,
        type: 3}
      propertyPath: m_Value
      value: 300
      objectReference: {fileID: 0}
    - target: {fileID: 3079091348464326891, guid: 3f57faa652cb44e6c9be94f07530e36e,
        type: 3}
      propertyPath: m_MaxValue
      value: 300
      objectReference: {fileID: 0}
    - target: {fileID: 3079091349668338461, guid: 3f57faa652cb44e6c9be94f07530e36e,
        type: 3}
      propertyPath: m_Text
      value: Guard.R
      objectReference: {fileID: 0}
    m_RemovedComponents:
    - {fileID: 0}
  m_SourcePrefab: {fileID: 100100000, guid: 3f57faa652cb44e6c9be94f07530e36e, type: 3}
--- !u!114 &697038358068040400 stripped
MonoBehaviour:
  m_CorrespondingSourceObject: {fileID: 3079091348464326891, guid: 3f57faa652cb44e6c9be94f07530e36e,
    type: 3}
  m_PrefabInstance: {fileID: 2528562236436662843}
  m_PrefabAsset: {fileID: 0}
  m_GameObject: {fileID: 697038358068040402}
  m_Enabled: 1
  m_EditorHideFlags: 0
  m_Script: {fileID: 11500000, guid: 67db9e8f0e2ae9c40bc1e2b64352a6b4, type: 3}
  m_Name: 
  m_EditorClassIdentifier: 
--- !u!1 &697038358068040402 stripped
GameObject:
  m_CorrespondingSourceObject: {fileID: 3079091348464326889, guid: 3f57faa652cb44e6c9be94f07530e36e,
    type: 3}
  m_PrefabInstance: {fileID: 2528562236436662843}
  m_PrefabAsset: {fileID: 0}
--- !u!114 &5617837454683886436
MonoBehaviour:
  m_ObjectHideFlags: 0
  m_CorrespondingSourceObject: {fileID: 0}
  m_PrefabInstance: {fileID: 0}
  m_PrefabAsset: {fileID: 0}
  m_GameObject: {fileID: 697038358068040402}
  m_Enabled: 1
  m_EditorHideFlags: 0
  m_Script: {fileID: 11500000, guid: d903541018264403897b79f364fdd636, type: 3}
  m_Name: 
  m_EditorClassIdentifier: 
  bossGuard: {fileID: 81164581}
  bossGuardHpSlider: {fileID: 697038358068040400}
--- !u!224 &697038358068040403 stripped
RectTransform:
  m_CorrespondingSourceObject: {fileID: 3079091348464326888, guid: 3f57faa652cb44e6c9be94f07530e36e,
    type: 3}
  m_PrefabInstance: {fileID: 2528562236436662843}
  m_PrefabAsset: {fileID: 0}
--- !u!1001 &2800211606384272106
PrefabInstance:
  m_ObjectHideFlags: 0
  serializedVersion: 2
  m_Modification:
    m_TransformParent: {fileID: 1311358870712609705}
    m_Modifications:
    - target: {fileID: 1415692110281681793, guid: 55427d3d7b8cf437782ca750ed70679a,
        type: 3}
      propertyPath: m_Name
      value: BreakDownEfect (1)
      objectReference: {fileID: 0}
    - target: {fileID: 1415692110281681793, guid: 55427d3d7b8cf437782ca750ed70679a,
        type: 3}
      propertyPath: m_IsActive
      value: 0
      objectReference: {fileID: 0}
    - target: {fileID: 3002358708922005942, guid: 55427d3d7b8cf437782ca750ed70679a,
        type: 3}
      propertyPath: lengthInSec
      value: 1.6
      objectReference: {fileID: 0}
    - target: {fileID: 3320362272355777395, guid: 55427d3d7b8cf437782ca750ed70679a,
        type: 3}
      propertyPath: lengthInSec
      value: 1.6
      objectReference: {fileID: 0}
    - target: {fileID: 3320362272355777395, guid: 55427d3d7b8cf437782ca750ed70679a,
        type: 3}
      propertyPath: VelocityModule.x.scalar
      value: 2
      objectReference: {fileID: 0}
    - target: {fileID: 3320362272355777395, guid: 55427d3d7b8cf437782ca750ed70679a,
        type: 3}
      propertyPath: VelocityModule.y.scalar
      value: 2
      objectReference: {fileID: 0}
    - target: {fileID: 3320362272355777395, guid: 55427d3d7b8cf437782ca750ed70679a,
        type: 3}
      propertyPath: VelocityModule.z.scalar
      value: 2
      objectReference: {fileID: 0}
    - target: {fileID: 3320362272355777395, guid: 55427d3d7b8cf437782ca750ed70679a,
        type: 3}
      propertyPath: VelocityModule.y.minScalar
      value: 0
      objectReference: {fileID: 0}
    - target: {fileID: 3320362272355777395, guid: 55427d3d7b8cf437782ca750ed70679a,
        type: 3}
      propertyPath: VelocityModule.inWorldSpace
      value: 0
      objectReference: {fileID: 0}
    - target: {fileID: 7670552727143566963, guid: 55427d3d7b8cf437782ca750ed70679a,
        type: 3}
      propertyPath: m_LocalScale.x
      value: 0.5
      objectReference: {fileID: 0}
    - target: {fileID: 7670552727143566963, guid: 55427d3d7b8cf437782ca750ed70679a,
        type: 3}
      propertyPath: m_LocalScale.y
      value: 0.5
      objectReference: {fileID: 0}
    - target: {fileID: 7670552727143566963, guid: 55427d3d7b8cf437782ca750ed70679a,
        type: 3}
      propertyPath: m_LocalScale.z
      value: 0.5
      objectReference: {fileID: 0}
    - target: {fileID: 7670552727143566963, guid: 55427d3d7b8cf437782ca750ed70679a,
        type: 3}
      propertyPath: m_LocalRotation.w
      value: 0.6553381
      objectReference: {fileID: 0}
    - target: {fileID: 7670552727143566963, guid: 55427d3d7b8cf437782ca750ed70679a,
        type: 3}
      propertyPath: m_LocalRotation.y
      value: -0.75533575
      objectReference: {fileID: 0}
    - target: {fileID: 7670552727143566963, guid: 55427d3d7b8cf437782ca750ed70679a,
        type: 3}
      propertyPath: m_LocalEulerAnglesHint.y
      value: -98.109
      objectReference: {fileID: 0}
    - target: {fileID: 7753988845807209395, guid: 55427d3d7b8cf437782ca750ed70679a,
        type: 3}
      propertyPath: m_RootOrder
      value: 7
      objectReference: {fileID: 0}
    - target: {fileID: 7753988845807209395, guid: 55427d3d7b8cf437782ca750ed70679a,
        type: 3}
      propertyPath: m_LocalPosition.x
      value: 0
      objectReference: {fileID: 0}
    - target: {fileID: 7753988845807209395, guid: 55427d3d7b8cf437782ca750ed70679a,
        type: 3}
      propertyPath: m_LocalPosition.y
      value: 0.39999998
      objectReference: {fileID: 0}
    - target: {fileID: 7753988845807209395, guid: 55427d3d7b8cf437782ca750ed70679a,
        type: 3}
      propertyPath: m_LocalPosition.z
      value: 0.29999998
      objectReference: {fileID: 0}
    - target: {fileID: 7753988845807209395, guid: 55427d3d7b8cf437782ca750ed70679a,
        type: 3}
      propertyPath: m_LocalRotation.w
      value: 1
      objectReference: {fileID: 0}
    - target: {fileID: 7753988845807209395, guid: 55427d3d7b8cf437782ca750ed70679a,
        type: 3}
      propertyPath: m_LocalRotation.x
      value: -0
      objectReference: {fileID: 0}
    - target: {fileID: 7753988845807209395, guid: 55427d3d7b8cf437782ca750ed70679a,
        type: 3}
      propertyPath: m_LocalRotation.y
      value: -0
      objectReference: {fileID: 0}
    - target: {fileID: 7753988845807209395, guid: 55427d3d7b8cf437782ca750ed70679a,
        type: 3}
      propertyPath: m_LocalRotation.z
      value: -0
      objectReference: {fileID: 0}
    - target: {fileID: 7753988845807209395, guid: 55427d3d7b8cf437782ca750ed70679a,
        type: 3}
      propertyPath: m_LocalEulerAnglesHint.x
      value: 0
      objectReference: {fileID: 0}
    - target: {fileID: 7753988845807209395, guid: 55427d3d7b8cf437782ca750ed70679a,
        type: 3}
      propertyPath: m_LocalEulerAnglesHint.y
      value: 0
      objectReference: {fileID: 0}
    - target: {fileID: 7753988845807209395, guid: 55427d3d7b8cf437782ca750ed70679a,
        type: 3}
      propertyPath: m_LocalEulerAnglesHint.z
      value: 0
      objectReference: {fileID: 0}
    - target: {fileID: 9165323042497487500, guid: 55427d3d7b8cf437782ca750ed70679a,
        type: 3}
      propertyPath: lengthInSec
      value: 1.6
      objectReference: {fileID: 0}
    m_RemovedComponents: []
  m_SourcePrefab: {fileID: 100100000, guid: 55427d3d7b8cf437782ca750ed70679a, type: 3}
--- !u!1 &3853346148313745771 stripped
GameObject:
  m_CorrespondingSourceObject: {fileID: 1415692110281681793, guid: 55427d3d7b8cf437782ca750ed70679a,
    type: 3}
  m_PrefabInstance: {fileID: 2800211606384272106}
  m_PrefabAsset: {fileID: 0}
--- !u!4 &5568677142790400345 stripped
Transform:
  m_CorrespondingSourceObject: {fileID: 7753988845807209395, guid: 55427d3d7b8cf437782ca750ed70679a,
    type: 3}
  m_PrefabInstance: {fileID: 2800211606384272106}
  m_PrefabAsset: {fileID: 0}
--- !u!1001 &2813605859886014518
PrefabInstance:
  m_ObjectHideFlags: 0
  serializedVersion: 2
  m_Modification:
    m_TransformParent: {fileID: 7129353464265759019}
    m_Modifications:
    - target: {fileID: 3079091348464326888, guid: 3f57faa652cb44e6c9be94f07530e36e,
        type: 3}
      propertyPath: m_Pivot.x
      value: 0.5
      objectReference: {fileID: 0}
    - target: {fileID: 3079091348464326888, guid: 3f57faa652cb44e6c9be94f07530e36e,
        type: 3}
      propertyPath: m_Pivot.y
      value: 0.5
      objectReference: {fileID: 0}
    - target: {fileID: 3079091348464326888, guid: 3f57faa652cb44e6c9be94f07530e36e,
        type: 3}
      propertyPath: m_RootOrder
      value: 1
      objectReference: {fileID: 0}
    - target: {fileID: 3079091348464326888, guid: 3f57faa652cb44e6c9be94f07530e36e,
        type: 3}
      propertyPath: m_AnchorMax.x
      value: 0.5
      objectReference: {fileID: 0}
    - target: {fileID: 3079091348464326888, guid: 3f57faa652cb44e6c9be94f07530e36e,
        type: 3}
      propertyPath: m_AnchorMax.y
      value: 1
      objectReference: {fileID: 0}
    - target: {fileID: 3079091348464326888, guid: 3f57faa652cb44e6c9be94f07530e36e,
        type: 3}
      propertyPath: m_AnchorMin.x
      value: 0.5
      objectReference: {fileID: 0}
    - target: {fileID: 3079091348464326888, guid: 3f57faa652cb44e6c9be94f07530e36e,
        type: 3}
      propertyPath: m_AnchorMin.y
      value: 1
      objectReference: {fileID: 0}
    - target: {fileID: 3079091348464326888, guid: 3f57faa652cb44e6c9be94f07530e36e,
        type: 3}
      propertyPath: m_SizeDelta.x
      value: 300
      objectReference: {fileID: 0}
    - target: {fileID: 3079091348464326888, guid: 3f57faa652cb44e6c9be94f07530e36e,
        type: 3}
      propertyPath: m_SizeDelta.y
      value: 50
      objectReference: {fileID: 0}
    - target: {fileID: 3079091348464326888, guid: 3f57faa652cb44e6c9be94f07530e36e,
        type: 3}
      propertyPath: m_LocalScale.x
      value: 1
      objectReference: {fileID: 0}
    - target: {fileID: 3079091348464326888, guid: 3f57faa652cb44e6c9be94f07530e36e,
        type: 3}
      propertyPath: m_LocalScale.y
      value: 1
      objectReference: {fileID: 0}
    - target: {fileID: 3079091348464326888, guid: 3f57faa652cb44e6c9be94f07530e36e,
        type: 3}
      propertyPath: m_LocalScale.z
      value: 1
      objectReference: {fileID: 0}
    - target: {fileID: 3079091348464326888, guid: 3f57faa652cb44e6c9be94f07530e36e,
        type: 3}
      propertyPath: m_LocalPosition.x
      value: 0
      objectReference: {fileID: 0}
    - target: {fileID: 3079091348464326888, guid: 3f57faa652cb44e6c9be94f07530e36e,
        type: 3}
      propertyPath: m_LocalPosition.y
      value: 0
      objectReference: {fileID: 0}
    - target: {fileID: 3079091348464326888, guid: 3f57faa652cb44e6c9be94f07530e36e,
        type: 3}
      propertyPath: m_LocalPosition.z
      value: 0
      objectReference: {fileID: 0}
    - target: {fileID: 3079091348464326888, guid: 3f57faa652cb44e6c9be94f07530e36e,
        type: 3}
      propertyPath: m_LocalRotation.w
      value: 1
      objectReference: {fileID: 0}
    - target: {fileID: 3079091348464326888, guid: 3f57faa652cb44e6c9be94f07530e36e,
        type: 3}
      propertyPath: m_LocalRotation.x
      value: -0
      objectReference: {fileID: 0}
    - target: {fileID: 3079091348464326888, guid: 3f57faa652cb44e6c9be94f07530e36e,
        type: 3}
      propertyPath: m_LocalRotation.y
      value: -0
      objectReference: {fileID: 0}
    - target: {fileID: 3079091348464326888, guid: 3f57faa652cb44e6c9be94f07530e36e,
        type: 3}
      propertyPath: m_LocalRotation.z
      value: -0
      objectReference: {fileID: 0}
    - target: {fileID: 3079091348464326888, guid: 3f57faa652cb44e6c9be94f07530e36e,
        type: 3}
      propertyPath: m_AnchoredPosition.x
      value: 0
      objectReference: {fileID: 0}
    - target: {fileID: 3079091348464326888, guid: 3f57faa652cb44e6c9be94f07530e36e,
        type: 3}
      propertyPath: m_AnchoredPosition.y
      value: -50
      objectReference: {fileID: 0}
    - target: {fileID: 3079091348464326888, guid: 3f57faa652cb44e6c9be94f07530e36e,
        type: 3}
      propertyPath: m_LocalEulerAnglesHint.x
      value: 0
      objectReference: {fileID: 0}
    - target: {fileID: 3079091348464326888, guid: 3f57faa652cb44e6c9be94f07530e36e,
        type: 3}
      propertyPath: m_LocalEulerAnglesHint.y
      value: 0
      objectReference: {fileID: 0}
    - target: {fileID: 3079091348464326888, guid: 3f57faa652cb44e6c9be94f07530e36e,
        type: 3}
      propertyPath: m_LocalEulerAnglesHint.z
      value: 0
      objectReference: {fileID: 0}
    - target: {fileID: 3079091348464326889, guid: 3f57faa652cb44e6c9be94f07530e36e,
        type: 3}
      propertyPath: m_Name
      value: ForwardGuardHPBar
      objectReference: {fileID: 0}
    - target: {fileID: 3079091348464326891, guid: 3f57faa652cb44e6c9be94f07530e36e,
        type: 3}
      propertyPath: m_Value
      value: 300
      objectReference: {fileID: 0}
    - target: {fileID: 3079091348464326891, guid: 3f57faa652cb44e6c9be94f07530e36e,
        type: 3}
      propertyPath: m_MaxValue
      value: 300
      objectReference: {fileID: 0}
    - target: {fileID: 3079091349668338461, guid: 3f57faa652cb44e6c9be94f07530e36e,
        type: 3}
      propertyPath: m_Text
      value: Guard.F
      objectReference: {fileID: 0}
    m_RemovedComponents:
    - {fileID: 0}
  m_SourcePrefab: {fileID: 100100000, guid: 3f57faa652cb44e6c9be94f07530e36e, type: 3}
--- !u!114 &986515761881643229 stripped
MonoBehaviour:
  m_CorrespondingSourceObject: {fileID: 3079091348464326891, guid: 3f57faa652cb44e6c9be94f07530e36e,
    type: 3}
  m_PrefabInstance: {fileID: 2813605859886014518}
  m_PrefabAsset: {fileID: 0}
  m_GameObject: {fileID: 986515761881643231}
  m_Enabled: 1
  m_EditorHideFlags: 0
  m_Script: {fileID: 11500000, guid: 67db9e8f0e2ae9c40bc1e2b64352a6b4, type: 3}
  m_Name: 
  m_EditorClassIdentifier: 
--- !u!224 &986515761881643230 stripped
RectTransform:
  m_CorrespondingSourceObject: {fileID: 3079091348464326888, guid: 3f57faa652cb44e6c9be94f07530e36e,
    type: 3}
  m_PrefabInstance: {fileID: 2813605859886014518}
  m_PrefabAsset: {fileID: 0}
--- !u!1 &986515761881643231 stripped
GameObject:
  m_CorrespondingSourceObject: {fileID: 3079091348464326889, guid: 3f57faa652cb44e6c9be94f07530e36e,
    type: 3}
  m_PrefabInstance: {fileID: 2813605859886014518}
  m_PrefabAsset: {fileID: 0}
--- !u!114 &8189134538879966980
MonoBehaviour:
  m_ObjectHideFlags: 0
  m_CorrespondingSourceObject: {fileID: 0}
  m_PrefabInstance: {fileID: 0}
  m_PrefabAsset: {fileID: 0}
  m_GameObject: {fileID: 986515761881643231}
  m_Enabled: 1
  m_EditorHideFlags: 0
  m_Script: {fileID: 11500000, guid: d903541018264403897b79f364fdd636, type: 3}
  m_Name: 
  m_EditorClassIdentifier: 
  bossGuard: {fileID: 1457414451091176050}
  bossGuardHpSlider: {fileID: 986515761881643229}
--- !u!1001 &4225349801827222943
PrefabInstance:
  m_ObjectHideFlags: 0
  serializedVersion: 2
  m_Modification:
    m_TransformParent: {fileID: 7129353464265759019}
    m_Modifications:
    - target: {fileID: 3079091348464326888, guid: 3f57faa652cb44e6c9be94f07530e36e,
        type: 3}
      propertyPath: m_Pivot.x
      value: 0.5
      objectReference: {fileID: 0}
    - target: {fileID: 3079091348464326888, guid: 3f57faa652cb44e6c9be94f07530e36e,
        type: 3}
      propertyPath: m_Pivot.y
      value: 0.5
      objectReference: {fileID: 0}
    - target: {fileID: 3079091348464326888, guid: 3f57faa652cb44e6c9be94f07530e36e,
        type: 3}
      propertyPath: m_RootOrder
      value: 0
      objectReference: {fileID: 0}
    - target: {fileID: 3079091348464326888, guid: 3f57faa652cb44e6c9be94f07530e36e,
        type: 3}
      propertyPath: m_AnchorMax.x
      value: 0.5
      objectReference: {fileID: 0}
    - target: {fileID: 3079091348464326888, guid: 3f57faa652cb44e6c9be94f07530e36e,
        type: 3}
      propertyPath: m_AnchorMax.y
      value: 1
      objectReference: {fileID: 0}
    - target: {fileID: 3079091348464326888, guid: 3f57faa652cb44e6c9be94f07530e36e,
        type: 3}
      propertyPath: m_AnchorMin.x
      value: 0.5
      objectReference: {fileID: 0}
    - target: {fileID: 3079091348464326888, guid: 3f57faa652cb44e6c9be94f07530e36e,
        type: 3}
      propertyPath: m_AnchorMin.y
      value: 1
      objectReference: {fileID: 0}
    - target: {fileID: 3079091348464326888, guid: 3f57faa652cb44e6c9be94f07530e36e,
        type: 3}
      propertyPath: m_SizeDelta.x
      value: 300
      objectReference: {fileID: 0}
    - target: {fileID: 3079091348464326888, guid: 3f57faa652cb44e6c9be94f07530e36e,
        type: 3}
      propertyPath: m_SizeDelta.y
      value: 50
      objectReference: {fileID: 0}
    - target: {fileID: 3079091348464326888, guid: 3f57faa652cb44e6c9be94f07530e36e,
        type: 3}
      propertyPath: m_LocalPosition.x
      value: 0
      objectReference: {fileID: 0}
    - target: {fileID: 3079091348464326888, guid: 3f57faa652cb44e6c9be94f07530e36e,
        type: 3}
      propertyPath: m_LocalPosition.y
      value: 0
      objectReference: {fileID: 0}
    - target: {fileID: 3079091348464326888, guid: 3f57faa652cb44e6c9be94f07530e36e,
        type: 3}
      propertyPath: m_LocalPosition.z
      value: 0
      objectReference: {fileID: 0}
    - target: {fileID: 3079091348464326888, guid: 3f57faa652cb44e6c9be94f07530e36e,
        type: 3}
      propertyPath: m_LocalRotation.w
      value: 1
      objectReference: {fileID: 0}
    - target: {fileID: 3079091348464326888, guid: 3f57faa652cb44e6c9be94f07530e36e,
        type: 3}
      propertyPath: m_LocalRotation.x
      value: 0
      objectReference: {fileID: 0}
    - target: {fileID: 3079091348464326888, guid: 3f57faa652cb44e6c9be94f07530e36e,
        type: 3}
      propertyPath: m_LocalRotation.y
      value: 0
      objectReference: {fileID: 0}
    - target: {fileID: 3079091348464326888, guid: 3f57faa652cb44e6c9be94f07530e36e,
        type: 3}
      propertyPath: m_LocalRotation.z
      value: 0
      objectReference: {fileID: 0}
    - target: {fileID: 3079091348464326888, guid: 3f57faa652cb44e6c9be94f07530e36e,
        type: 3}
      propertyPath: m_AnchoredPosition.x
      value: 0
      objectReference: {fileID: 0}
    - target: {fileID: 3079091348464326888, guid: 3f57faa652cb44e6c9be94f07530e36e,
        type: 3}
      propertyPath: m_AnchoredPosition.y
      value: -50
      objectReference: {fileID: 0}
    - target: {fileID: 3079091348464326888, guid: 3f57faa652cb44e6c9be94f07530e36e,
        type: 3}
      propertyPath: m_LocalEulerAnglesHint.x
      value: 0
      objectReference: {fileID: 0}
    - target: {fileID: 3079091348464326888, guid: 3f57faa652cb44e6c9be94f07530e36e,
        type: 3}
      propertyPath: m_LocalEulerAnglesHint.y
      value: 0
      objectReference: {fileID: 0}
    - target: {fileID: 3079091348464326888, guid: 3f57faa652cb44e6c9be94f07530e36e,
        type: 3}
      propertyPath: m_LocalEulerAnglesHint.z
      value: 0
      objectReference: {fileID: 0}
    - target: {fileID: 3079091348464326889, guid: 3f57faa652cb44e6c9be94f07530e36e,
        type: 3}
      propertyPath: m_Name
      value: BossHPBar
      objectReference: {fileID: 0}
    - target: {fileID: 3079091348464326891, guid: 3f57faa652cb44e6c9be94f07530e36e,
        type: 3}
      propertyPath: m_Value
      value: 1800
      objectReference: {fileID: 0}
    - target: {fileID: 3079091348464326891, guid: 3f57faa652cb44e6c9be94f07530e36e,
        type: 3}
      propertyPath: m_MaxValue
      value: 1800
      objectReference: {fileID: 0}
    - target: {fileID: 3079091349668338461, guid: 3f57faa652cb44e6c9be94f07530e36e,
        type: 3}
      propertyPath: m_Text
      value: Boss
      objectReference: {fileID: 0}
    m_RemovedComponents: []
  m_SourcePrefab: {fileID: 100100000, guid: 3f57faa652cb44e6c9be94f07530e36e, type: 3}
--- !u!114 &1159769291170258292 stripped
MonoBehaviour:
  m_CorrespondingSourceObject: {fileID: 3079091348464326891, guid: 3f57faa652cb44e6c9be94f07530e36e,
    type: 3}
  m_PrefabInstance: {fileID: 4225349801827222943}
  m_PrefabAsset: {fileID: 0}
  m_GameObject: {fileID: 1159769291170258294}
  m_Enabled: 1
  m_EditorHideFlags: 0
  m_Script: {fileID: 11500000, guid: 67db9e8f0e2ae9c40bc1e2b64352a6b4, type: 3}
  m_Name: 
  m_EditorClassIdentifier: 
--- !u!1 &1159769291170258294 stripped
GameObject:
  m_CorrespondingSourceObject: {fileID: 3079091348464326889, guid: 3f57faa652cb44e6c9be94f07530e36e,
    type: 3}
  m_PrefabInstance: {fileID: 4225349801827222943}
  m_PrefabAsset: {fileID: 0}
--- !u!114 &4347827769261063034
MonoBehaviour:
  m_ObjectHideFlags: 0
  m_CorrespondingSourceObject: {fileID: 0}
  m_PrefabInstance: {fileID: 0}
  m_PrefabAsset: {fileID: 0}
  m_GameObject: {fileID: 1159769291170258294}
  m_Enabled: 1
  m_EditorHideFlags: 0
  m_Script: {fileID: 11500000, guid: ff7b053e91dcb4461a18cde31aafacc4, type: 3}
  m_Name: 
  m_EditorClassIdentifier: 
  boss: {fileID: 1216466630629813590}
  bossHpSlider: {fileID: 1159769291170258292}
--- !u!224 &1159769291170258295 stripped
RectTransform:
  m_CorrespondingSourceObject: {fileID: 3079091348464326888, guid: 3f57faa652cb44e6c9be94f07530e36e,
    type: 3}
  m_PrefabInstance: {fileID: 4225349801827222943}
  m_PrefabAsset: {fileID: 0}
--- !u!1001 &6610253292718282282
PrefabInstance:
  m_ObjectHideFlags: 0
  serializedVersion: 2
  m_Modification:
    m_TransformParent: {fileID: 1311358870712609705}
    m_Modifications:
    - target: {fileID: 1415692110281681793, guid: 55427d3d7b8cf437782ca750ed70679a,
        type: 3}
      propertyPath: m_Name
      value: BreakDownEfect
      objectReference: {fileID: 0}
    - target: {fileID: 1415692110281681793, guid: 55427d3d7b8cf437782ca750ed70679a,
        type: 3}
      propertyPath: m_IsActive
      value: 0
      objectReference: {fileID: 0}
    - target: {fileID: 3002358708922005942, guid: 55427d3d7b8cf437782ca750ed70679a,
        type: 3}
      propertyPath: lengthInSec
      value: 2.4
      objectReference: {fileID: 0}
    - target: {fileID: 3002358708922005942, guid: 55427d3d7b8cf437782ca750ed70679a,
        type: 3}
      propertyPath: startDelay.scalar
      value: 0.5
      objectReference: {fileID: 0}
    - target: {fileID: 3320362272355777395, guid: 55427d3d7b8cf437782ca750ed70679a,
        type: 3}
      propertyPath: lengthInSec
      value: 2.4
      objectReference: {fileID: 0}
    - target: {fileID: 3320362272355777395, guid: 55427d3d7b8cf437782ca750ed70679a,
        type: 3}
      propertyPath: NoiseModule.quality
      value: 2
      objectReference: {fileID: 0}
    - target: {fileID: 3320362272355777395, guid: 55427d3d7b8cf437782ca750ed70679a,
        type: 3}
      propertyPath: ShapeModule.m_Scale.x
      value: -0
      objectReference: {fileID: 0}
    - target: {fileID: 3320362272355777395, guid: 55427d3d7b8cf437782ca750ed70679a,
        type: 3}
      propertyPath: ShapeModule.m_Scale.z
      value: -0
      objectReference: {fileID: 0}
    - target: {fileID: 3320362272355777395, guid: 55427d3d7b8cf437782ca750ed70679a,
        type: 3}
      propertyPath: VelocityModule.x.scalar
      value: 2.5
      objectReference: {fileID: 0}
    - target: {fileID: 3320362272355777395, guid: 55427d3d7b8cf437782ca750ed70679a,
        type: 3}
      propertyPath: VelocityModule.y.scalar
      value: 2.5
      objectReference: {fileID: 0}
    - target: {fileID: 3320362272355777395, guid: 55427d3d7b8cf437782ca750ed70679a,
        type: 3}
      propertyPath: VelocityModule.z.scalar
      value: 2.5
      objectReference: {fileID: 0}
    - target: {fileID: 3320362272355777395, guid: 55427d3d7b8cf437782ca750ed70679a,
        type: 3}
      propertyPath: ShapeModule.m_Rotation.x
      value: -0
      objectReference: {fileID: 0}
    - target: {fileID: 3320362272355777395, guid: 55427d3d7b8cf437782ca750ed70679a,
        type: 3}
      propertyPath: ShapeModule.m_Rotation.y
      value: 159.3389
      objectReference: {fileID: 0}
    - target: {fileID: 3320362272355777395, guid: 55427d3d7b8cf437782ca750ed70679a,
        type: 3}
      propertyPath: ShapeModule.m_Rotation.z
      value: -0
      objectReference: {fileID: 0}
    - target: {fileID: 3320362272355777395, guid: 55427d3d7b8cf437782ca750ed70679a,
        type: 3}
      propertyPath: ShapeModule.radius.value
      value: 0.0001
      objectReference: {fileID: 0}
    - target: {fileID: 3320362272355777395, guid: 55427d3d7b8cf437782ca750ed70679a,
        type: 3}
      propertyPath: VelocityModule.x.minScalar
      value: 0
      objectReference: {fileID: 0}
    - target: {fileID: 3320362272355777395, guid: 55427d3d7b8cf437782ca750ed70679a,
        type: 3}
      propertyPath: VelocityModule.y.minScalar
      value: 0
      objectReference: {fileID: 0}
    - target: {fileID: 3320362272355777395, guid: 55427d3d7b8cf437782ca750ed70679a,
        type: 3}
      propertyPath: VelocityModule.inWorldSpace
      value: 0
      objectReference: {fileID: 0}
    - target: {fileID: 3320362272355777395, guid: 55427d3d7b8cf437782ca750ed70679a,
        type: 3}
      propertyPath: NoiseModule.rotationAmount.scalar
      value: 0
      objectReference: {fileID: 0}
    - target: {fileID: 3320362272355777395, guid: 55427d3d7b8cf437782ca750ed70679a,
        type: 3}
      propertyPath: InitialModule.randomizeRotationDirection
      value: 0
      objectReference: {fileID: 0}
    - target: {fileID: 7670552727143566963, guid: 55427d3d7b8cf437782ca750ed70679a,
        type: 3}
      propertyPath: m_LocalScale.x
      value: 0.5
      objectReference: {fileID: 0}
    - target: {fileID: 7670552727143566963, guid: 55427d3d7b8cf437782ca750ed70679a,
        type: 3}
      propertyPath: m_LocalScale.y
      value: 0.5
      objectReference: {fileID: 0}
    - target: {fileID: 7670552727143566963, guid: 55427d3d7b8cf437782ca750ed70679a,
        type: 3}
      propertyPath: m_LocalScale.z
      value: 0.5
      objectReference: {fileID: 0}
    - target: {fileID: 7670552727143566963, guid: 55427d3d7b8cf437782ca750ed70679a,
        type: 3}
      propertyPath: m_LocalRotation.w
      value: 0
      objectReference: {fileID: 0}
    - target: {fileID: 7670552727143566963, guid: 55427d3d7b8cf437782ca750ed70679a,
        type: 3}
      propertyPath: m_LocalRotation.x
      value: -0
      objectReference: {fileID: 0}
    - target: {fileID: 7670552727143566963, guid: 55427d3d7b8cf437782ca750ed70679a,
        type: 3}
      propertyPath: m_LocalRotation.y
      value: 0.82590616
      objectReference: {fileID: 0}
    - target: {fileID: 7670552727143566963, guid: 55427d3d7b8cf437782ca750ed70679a,
        type: 3}
      propertyPath: m_LocalRotation.z
      value: -0.56380767
      objectReference: {fileID: 0}
    - target: {fileID: 7670552727143566963, guid: 55427d3d7b8cf437782ca750ed70679a,
        type: 3}
      propertyPath: m_LocalEulerAnglesHint.x
      value: 68.639
      objectReference: {fileID: 0}
    - target: {fileID: 7670552727143566963, guid: 55427d3d7b8cf437782ca750ed70679a,
        type: 3}
      propertyPath: m_LocalEulerAnglesHint.y
      value: 180
      objectReference: {fileID: 0}
    - target: {fileID: 7753988845807209395, guid: 55427d3d7b8cf437782ca750ed70679a,
        type: 3}
      propertyPath: m_RootOrder
      value: 6
      objectReference: {fileID: 0}
    - target: {fileID: 7753988845807209395, guid: 55427d3d7b8cf437782ca750ed70679a,
        type: 3}
      propertyPath: m_LocalPosition.x
      value: -0.3
      objectReference: {fileID: 0}
    - target: {fileID: 7753988845807209395, guid: 55427d3d7b8cf437782ca750ed70679a,
        type: 3}
      propertyPath: m_LocalPosition.y
      value: 0
      objectReference: {fileID: 0}
    - target: {fileID: 7753988845807209395, guid: 55427d3d7b8cf437782ca750ed70679a,
        type: 3}
      propertyPath: m_LocalPosition.z
      value: -0.45
      objectReference: {fileID: 0}
    - target: {fileID: 7753988845807209395, guid: 55427d3d7b8cf437782ca750ed70679a,
        type: 3}
      propertyPath: m_LocalRotation.w
      value: 1
      objectReference: {fileID: 0}
    - target: {fileID: 7753988845807209395, guid: 55427d3d7b8cf437782ca750ed70679a,
        type: 3}
      propertyPath: m_LocalRotation.x
      value: 0
      objectReference: {fileID: 0}
    - target: {fileID: 7753988845807209395, guid: 55427d3d7b8cf437782ca750ed70679a,
        type: 3}
      propertyPath: m_LocalRotation.y
      value: 0
      objectReference: {fileID: 0}
    - target: {fileID: 7753988845807209395, guid: 55427d3d7b8cf437782ca750ed70679a,
        type: 3}
      propertyPath: m_LocalRotation.z
      value: 0
      objectReference: {fileID: 0}
    - target: {fileID: 7753988845807209395, guid: 55427d3d7b8cf437782ca750ed70679a,
        type: 3}
      propertyPath: m_LocalEulerAnglesHint.x
      value: 0
      objectReference: {fileID: 0}
    - target: {fileID: 7753988845807209395, guid: 55427d3d7b8cf437782ca750ed70679a,
        type: 3}
      propertyPath: m_LocalEulerAnglesHint.y
      value: 0
      objectReference: {fileID: 0}
    - target: {fileID: 7753988845807209395, guid: 55427d3d7b8cf437782ca750ed70679a,
        type: 3}
      propertyPath: m_LocalEulerAnglesHint.z
      value: 0
      objectReference: {fileID: 0}
    - target: {fileID: 9165323042497487500, guid: 55427d3d7b8cf437782ca750ed70679a,
        type: 3}
      propertyPath: lengthInSec
      value: 2.4
      objectReference: {fileID: 0}
    m_RemovedComponents: []
  m_SourcePrefab: {fileID: 100100000, guid: 55427d3d7b8cf437782ca750ed70679a, type: 3}
--- !u!4 &3469994500409679257 stripped
Transform:
  m_CorrespondingSourceObject: {fileID: 7753988845807209395, guid: 55427d3d7b8cf437782ca750ed70679a,
    type: 3}
  m_PrefabInstance: {fileID: 6610253292718282282}
  m_PrefabAsset: {fileID: 0}
--- !u!1 &5195423483026079147 stripped
GameObject:
  m_CorrespondingSourceObject: {fileID: 1415692110281681793, guid: 55427d3d7b8cf437782ca750ed70679a,
    type: 3}
  m_PrefabInstance: {fileID: 6610253292718282282}
  m_PrefabAsset: {fileID: 0}
--- !u!1001 &7333079593755573184
PrefabInstance:
  m_ObjectHideFlags: 0
  serializedVersion: 2
  m_Modification:
    m_TransformParent: {fileID: 7129353464265759019}
    m_Modifications:
    - target: {fileID: 3079091348464326888, guid: 3f57faa652cb44e6c9be94f07530e36e,
        type: 3}
      propertyPath: m_Pivot.x
      value: 0.5
      objectReference: {fileID: 0}
    - target: {fileID: 3079091348464326888, guid: 3f57faa652cb44e6c9be94f07530e36e,
        type: 3}
      propertyPath: m_Pivot.y
      value: 0.5
      objectReference: {fileID: 0}
    - target: {fileID: 3079091348464326888, guid: 3f57faa652cb44e6c9be94f07530e36e,
        type: 3}
      propertyPath: m_RootOrder
      value: 4
      objectReference: {fileID: 0}
    - target: {fileID: 3079091348464326888, guid: 3f57faa652cb44e6c9be94f07530e36e,
        type: 3}
      propertyPath: m_AnchorMax.x
      value: 0.5
      objectReference: {fileID: 0}
    - target: {fileID: 3079091348464326888, guid: 3f57faa652cb44e6c9be94f07530e36e,
        type: 3}
      propertyPath: m_AnchorMax.y
      value: 1
      objectReference: {fileID: 0}
    - target: {fileID: 3079091348464326888, guid: 3f57faa652cb44e6c9be94f07530e36e,
        type: 3}
      propertyPath: m_AnchorMin.x
      value: 0.5
      objectReference: {fileID: 0}
    - target: {fileID: 3079091348464326888, guid: 3f57faa652cb44e6c9be94f07530e36e,
        type: 3}
      propertyPath: m_AnchorMin.y
      value: 1
      objectReference: {fileID: 0}
    - target: {fileID: 3079091348464326888, guid: 3f57faa652cb44e6c9be94f07530e36e,
        type: 3}
      propertyPath: m_SizeDelta.x
      value: 300
      objectReference: {fileID: 0}
    - target: {fileID: 3079091348464326888, guid: 3f57faa652cb44e6c9be94f07530e36e,
        type: 3}
      propertyPath: m_SizeDelta.y
      value: 50
      objectReference: {fileID: 0}
    - target: {fileID: 3079091348464326888, guid: 3f57faa652cb44e6c9be94f07530e36e,
        type: 3}
      propertyPath: m_LocalScale.x
      value: 1
      objectReference: {fileID: 0}
    - target: {fileID: 3079091348464326888, guid: 3f57faa652cb44e6c9be94f07530e36e,
        type: 3}
      propertyPath: m_LocalScale.y
      value: 1
      objectReference: {fileID: 0}
    - target: {fileID: 3079091348464326888, guid: 3f57faa652cb44e6c9be94f07530e36e,
        type: 3}
      propertyPath: m_LocalScale.z
      value: 1
      objectReference: {fileID: 0}
    - target: {fileID: 3079091348464326888, guid: 3f57faa652cb44e6c9be94f07530e36e,
        type: 3}
      propertyPath: m_LocalPosition.x
      value: 0
      objectReference: {fileID: 0}
    - target: {fileID: 3079091348464326888, guid: 3f57faa652cb44e6c9be94f07530e36e,
        type: 3}
      propertyPath: m_LocalPosition.y
      value: 0
      objectReference: {fileID: 0}
    - target: {fileID: 3079091348464326888, guid: 3f57faa652cb44e6c9be94f07530e36e,
        type: 3}
      propertyPath: m_LocalPosition.z
      value: 0
      objectReference: {fileID: 0}
    - target: {fileID: 3079091348464326888, guid: 3f57faa652cb44e6c9be94f07530e36e,
        type: 3}
      propertyPath: m_LocalRotation.w
      value: 1
      objectReference: {fileID: 0}
    - target: {fileID: 3079091348464326888, guid: 3f57faa652cb44e6c9be94f07530e36e,
        type: 3}
      propertyPath: m_LocalRotation.x
      value: -0
      objectReference: {fileID: 0}
    - target: {fileID: 3079091348464326888, guid: 3f57faa652cb44e6c9be94f07530e36e,
        type: 3}
      propertyPath: m_LocalRotation.y
      value: -0
      objectReference: {fileID: 0}
    - target: {fileID: 3079091348464326888, guid: 3f57faa652cb44e6c9be94f07530e36e,
        type: 3}
      propertyPath: m_LocalRotation.z
      value: -0
      objectReference: {fileID: 0}
    - target: {fileID: 3079091348464326888, guid: 3f57faa652cb44e6c9be94f07530e36e,
        type: 3}
      propertyPath: m_AnchoredPosition.x
      value: 0
      objectReference: {fileID: 0}
    - target: {fileID: 3079091348464326888, guid: 3f57faa652cb44e6c9be94f07530e36e,
        type: 3}
      propertyPath: m_AnchoredPosition.y
      value: -50
      objectReference: {fileID: 0}
    - target: {fileID: 3079091348464326888, guid: 3f57faa652cb44e6c9be94f07530e36e,
        type: 3}
      propertyPath: m_LocalEulerAnglesHint.x
      value: 0
      objectReference: {fileID: 0}
    - target: {fileID: 3079091348464326888, guid: 3f57faa652cb44e6c9be94f07530e36e,
        type: 3}
      propertyPath: m_LocalEulerAnglesHint.y
      value: 0
      objectReference: {fileID: 0}
    - target: {fileID: 3079091348464326888, guid: 3f57faa652cb44e6c9be94f07530e36e,
        type: 3}
      propertyPath: m_LocalEulerAnglesHint.z
      value: 0
      objectReference: {fileID: 0}
    - target: {fileID: 3079091348464326889, guid: 3f57faa652cb44e6c9be94f07530e36e,
        type: 3}
      propertyPath: m_Name
      value: BackGuardHPBar
      objectReference: {fileID: 0}
    - target: {fileID: 3079091348464326891, guid: 3f57faa652cb44e6c9be94f07530e36e,
        type: 3}
      propertyPath: m_Value
      value: 300
      objectReference: {fileID: 0}
    - target: {fileID: 3079091348464326891, guid: 3f57faa652cb44e6c9be94f07530e36e,
        type: 3}
      propertyPath: m_MaxValue
      value: 300
      objectReference: {fileID: 0}
    - target: {fileID: 3079091349668338461, guid: 3f57faa652cb44e6c9be94f07530e36e,
        type: 3}
      propertyPath: m_Text
      value: Guard.B
      objectReference: {fileID: 0}
    m_RemovedComponents:
    - {fileID: 0}
  m_SourcePrefab: {fileID: 100100000, guid: 3f57faa652cb44e6c9be94f07530e36e, type: 3}
--- !u!224 &5728425126429893416 stripped
RectTransform:
  m_CorrespondingSourceObject: {fileID: 3079091348464326888, guid: 3f57faa652cb44e6c9be94f07530e36e,
    type: 3}
  m_PrefabInstance: {fileID: 7333079593755573184}
  m_PrefabAsset: {fileID: 0}
--- !u!1 &5728425126429893417 stripped
GameObject:
  m_CorrespondingSourceObject: {fileID: 3079091348464326889, guid: 3f57faa652cb44e6c9be94f07530e36e,
    type: 3}
  m_PrefabInstance: {fileID: 7333079593755573184}
  m_PrefabAsset: {fileID: 0}
--- !u!114 &2226969845913023532
MonoBehaviour:
  m_ObjectHideFlags: 0
  m_CorrespondingSourceObject: {fileID: 0}
  m_PrefabInstance: {fileID: 0}
  m_PrefabAsset: {fileID: 0}
  m_GameObject: {fileID: 5728425126429893417}
  m_Enabled: 1
  m_EditorHideFlags: 0
  m_Script: {fileID: 11500000, guid: d903541018264403897b79f364fdd636, type: 3}
  m_Name: 
  m_EditorClassIdentifier: 
  bossGuard: {fileID: 786057035159819393}
  bossGuardHpSlider: {fileID: 5728425126429893419}
--- !u!114 &5728425126429893419 stripped
MonoBehaviour:
  m_CorrespondingSourceObject: {fileID: 3079091348464326891, guid: 3f57faa652cb44e6c9be94f07530e36e,
    type: 3}
  m_PrefabInstance: {fileID: 7333079593755573184}
  m_PrefabAsset: {fileID: 0}
  m_GameObject: {fileID: 5728425126429893417}
  m_Enabled: 1
  m_EditorHideFlags: 0
  m_Script: {fileID: 11500000, guid: 67db9e8f0e2ae9c40bc1e2b64352a6b4, type: 3}
  m_Name: 
  m_EditorClassIdentifier: 
--- !u!1001 &8794038381531790421
PrefabInstance:
  m_ObjectHideFlags: 0
  serializedVersion: 2
  m_Modification:
    m_TransformParent: {fileID: 7129353464265759019}
    m_Modifications:
    - target: {fileID: 3079091348464326888, guid: 3f57faa652cb44e6c9be94f07530e36e,
        type: 3}
      propertyPath: m_Pivot.x
      value: 0.5
      objectReference: {fileID: 0}
    - target: {fileID: 3079091348464326888, guid: 3f57faa652cb44e6c9be94f07530e36e,
        type: 3}
      propertyPath: m_Pivot.y
      value: 0.5
      objectReference: {fileID: 0}
    - target: {fileID: 3079091348464326888, guid: 3f57faa652cb44e6c9be94f07530e36e,
        type: 3}
      propertyPath: m_RootOrder
      value: 2
      objectReference: {fileID: 0}
    - target: {fileID: 3079091348464326888, guid: 3f57faa652cb44e6c9be94f07530e36e,
        type: 3}
      propertyPath: m_AnchorMax.x
      value: 0.5
      objectReference: {fileID: 0}
    - target: {fileID: 3079091348464326888, guid: 3f57faa652cb44e6c9be94f07530e36e,
        type: 3}
      propertyPath: m_AnchorMax.y
      value: 1
      objectReference: {fileID: 0}
    - target: {fileID: 3079091348464326888, guid: 3f57faa652cb44e6c9be94f07530e36e,
        type: 3}
      propertyPath: m_AnchorMin.x
      value: 0.5
      objectReference: {fileID: 0}
    - target: {fileID: 3079091348464326888, guid: 3f57faa652cb44e6c9be94f07530e36e,
        type: 3}
      propertyPath: m_AnchorMin.y
      value: 1
      objectReference: {fileID: 0}
    - target: {fileID: 3079091348464326888, guid: 3f57faa652cb44e6c9be94f07530e36e,
        type: 3}
      propertyPath: m_SizeDelta.x
      value: 300
      objectReference: {fileID: 0}
    - target: {fileID: 3079091348464326888, guid: 3f57faa652cb44e6c9be94f07530e36e,
        type: 3}
      propertyPath: m_SizeDelta.y
      value: 50
      objectReference: {fileID: 0}
    - target: {fileID: 3079091348464326888, guid: 3f57faa652cb44e6c9be94f07530e36e,
        type: 3}
      propertyPath: m_LocalScale.x
      value: 1
      objectReference: {fileID: 0}
    - target: {fileID: 3079091348464326888, guid: 3f57faa652cb44e6c9be94f07530e36e,
        type: 3}
      propertyPath: m_LocalScale.y
      value: 1
      objectReference: {fileID: 0}
    - target: {fileID: 3079091348464326888, guid: 3f57faa652cb44e6c9be94f07530e36e,
        type: 3}
      propertyPath: m_LocalScale.z
      value: 1
      objectReference: {fileID: 0}
    - target: {fileID: 3079091348464326888, guid: 3f57faa652cb44e6c9be94f07530e36e,
        type: 3}
      propertyPath: m_LocalPosition.x
      value: 0
      objectReference: {fileID: 0}
    - target: {fileID: 3079091348464326888, guid: 3f57faa652cb44e6c9be94f07530e36e,
        type: 3}
      propertyPath: m_LocalPosition.y
      value: 0
      objectReference: {fileID: 0}
    - target: {fileID: 3079091348464326888, guid: 3f57faa652cb44e6c9be94f07530e36e,
        type: 3}
      propertyPath: m_LocalPosition.z
      value: -0
      objectReference: {fileID: 0}
    - target: {fileID: 3079091348464326888, guid: 3f57faa652cb44e6c9be94f07530e36e,
        type: 3}
      propertyPath: m_LocalRotation.w
      value: 1
      objectReference: {fileID: 0}
    - target: {fileID: 3079091348464326888, guid: 3f57faa652cb44e6c9be94f07530e36e,
        type: 3}
      propertyPath: m_LocalRotation.x
      value: -0
      objectReference: {fileID: 0}
    - target: {fileID: 3079091348464326888, guid: 3f57faa652cb44e6c9be94f07530e36e,
        type: 3}
      propertyPath: m_LocalRotation.y
      value: -0
      objectReference: {fileID: 0}
    - target: {fileID: 3079091348464326888, guid: 3f57faa652cb44e6c9be94f07530e36e,
        type: 3}
      propertyPath: m_LocalRotation.z
      value: -0
      objectReference: {fileID: 0}
    - target: {fileID: 3079091348464326888, guid: 3f57faa652cb44e6c9be94f07530e36e,
        type: 3}
      propertyPath: m_AnchoredPosition.x
      value: 0
      objectReference: {fileID: 0}
    - target: {fileID: 3079091348464326888, guid: 3f57faa652cb44e6c9be94f07530e36e,
        type: 3}
      propertyPath: m_AnchoredPosition.y
      value: -50
      objectReference: {fileID: 0}
    - target: {fileID: 3079091348464326888, guid: 3f57faa652cb44e6c9be94f07530e36e,
        type: 3}
      propertyPath: m_LocalEulerAnglesHint.x
      value: 0
      objectReference: {fileID: 0}
    - target: {fileID: 3079091348464326888, guid: 3f57faa652cb44e6c9be94f07530e36e,
        type: 3}
      propertyPath: m_LocalEulerAnglesHint.y
      value: 0
      objectReference: {fileID: 0}
    - target: {fileID: 3079091348464326888, guid: 3f57faa652cb44e6c9be94f07530e36e,
        type: 3}
      propertyPath: m_LocalEulerAnglesHint.z
      value: 0
      objectReference: {fileID: 0}
    - target: {fileID: 3079091348464326889, guid: 3f57faa652cb44e6c9be94f07530e36e,
        type: 3}
      propertyPath: m_Name
      value: LeftGuardHPBar
      objectReference: {fileID: 0}
    - target: {fileID: 3079091348464326891, guid: 3f57faa652cb44e6c9be94f07530e36e,
        type: 3}
      propertyPath: m_Value
      value: 300
      objectReference: {fileID: 0}
    - target: {fileID: 3079091348464326891, guid: 3f57faa652cb44e6c9be94f07530e36e,
        type: 3}
      propertyPath: m_MaxValue
      value: 300
      objectReference: {fileID: 0}
    - target: {fileID: 3079091349668338461, guid: 3f57faa652cb44e6c9be94f07530e36e,
        type: 3}
      propertyPath: m_Text
      value: Guard.L
      objectReference: {fileID: 0}
    m_RemovedComponents:
    - {fileID: 0}
  m_SourcePrefab: {fileID: 100100000, guid: 3f57faa652cb44e6c9be94f07530e36e, type: 3}
--- !u!1 &5814589209455600828 stripped
GameObject:
  m_CorrespondingSourceObject: {fileID: 3079091348464326889, guid: 3f57faa652cb44e6c9be94f07530e36e,
    type: 3}
  m_PrefabInstance: {fileID: 8794038381531790421}
  m_PrefabAsset: {fileID: 0}
--- !u!114 &8166969244703112905
MonoBehaviour:
  m_ObjectHideFlags: 0
  m_CorrespondingSourceObject: {fileID: 0}
  m_PrefabInstance: {fileID: 0}
  m_PrefabAsset: {fileID: 0}
  m_GameObject: {fileID: 5814589209455600828}
  m_Enabled: 1
  m_EditorHideFlags: 0
  m_Script: {fileID: 11500000, guid: d903541018264403897b79f364fdd636, type: 3}
  m_Name: 
  m_EditorClassIdentifier: 
  bossGuard: {fileID: 89036294}
  bossGuardHpSlider: {fileID: 5814589209455600830}
--- !u!224 &5814589209455600829 stripped
RectTransform:
  m_CorrespondingSourceObject: {fileID: 3079091348464326888, guid: 3f57faa652cb44e6c9be94f07530e36e,
    type: 3}
  m_PrefabInstance: {fileID: 8794038381531790421}
  m_PrefabAsset: {fileID: 0}
--- !u!114 &5814589209455600830 stripped
MonoBehaviour:
  m_CorrespondingSourceObject: {fileID: 3079091348464326891, guid: 3f57faa652cb44e6c9be94f07530e36e,
    type: 3}
  m_PrefabInstance: {fileID: 8794038381531790421}
  m_PrefabAsset: {fileID: 0}
  m_GameObject: {fileID: 5814589209455600828}
  m_Enabled: 1
  m_EditorHideFlags: 0
  m_Script: {fileID: 11500000, guid: 67db9e8f0e2ae9c40bc1e2b64352a6b4, type: 3}
  m_Name: 
  m_EditorClassIdentifier: 
