%YAML 1.1
%TAG !u! tag:unity3d.com,2011:
--- !u!1 &82026626833865642
GameObject:
  m_ObjectHideFlags: 0
  m_CorrespondingSourceObject: {fileID: 0}
  m_PrefabInstance: {fileID: 0}
  m_PrefabAsset: {fileID: 0}
  serializedVersion: 6
  m_Component:
  - component: {fileID: 82026626833865643}
  m_Layer: 0
  m_Name: ItemField (16)
  m_TagString: Untagged
  m_Icon: {fileID: 0}
  m_NavMeshLayer: 0
  m_StaticEditorFlags: 0
  m_IsActive: 1
--- !u!4 &82026626833865643
Transform:
  m_ObjectHideFlags: 0
  m_CorrespondingSourceObject: {fileID: 0}
  m_PrefabInstance: {fileID: 0}
  m_PrefabAsset: {fileID: 0}
  m_GameObject: {fileID: 82026626833865642}
  m_LocalRotation: {x: 0, y: -0.7071068, z: 0, w: 0.7071068}
  m_LocalPosition: {x: -175, y: 205.5, z: 565}
  m_LocalScale: {x: 1, y: 1, z: 1}
  m_ConstrainProportionsScale: 0
  m_Children:
  - {fileID: 864919021782905534}
  - {fileID: 490746288137954461}
  - {fileID: 6340420807700016113}
  m_Father: {fileID: 0}
  m_RootOrder: 0
  m_LocalEulerAnglesHint: {x: 0, y: -90, z: 0}
--- !u!1 &907980155845596035
GameObject:
  m_ObjectHideFlags: 0
  m_CorrespondingSourceObject: {fileID: 0}
  m_PrefabInstance: {fileID: 0}
  m_PrefabAsset: {fileID: 0}
  serializedVersion: 6
  m_Component:
  - component: {fileID: 6340420807700016113}
  m_Layer: 0
  m_Name: ItemPoint4 (2)
  m_TagString: Untagged
  m_Icon: {fileID: 0}
  m_NavMeshLayer: 0
  m_StaticEditorFlags: 0
  m_IsActive: 1
--- !u!4 &6340420807700016113
Transform:
  m_ObjectHideFlags: 0
  m_CorrespondingSourceObject: {fileID: 0}
  m_PrefabInstance: {fileID: 0}
  m_PrefabAsset: {fileID: 0}
  m_GameObject: {fileID: 907980155845596035}
  m_LocalRotation: {x: -0, y: -0, z: -0, w: 1}
  m_LocalPosition: {x: 0, y: 0, z: 365.2}
  m_LocalScale: {x: 1, y: 1, z: 1}
  m_ConstrainProportionsScale: 0
  m_Children:
  - {fileID: 991796348037053563}
  - {fileID: 6291944921126240683}
  - {fileID: 1567133575059608711}
  - {fileID: 8336614429676247202}
  - {fileID: 3573797942199443922}
  - {fileID: 191056426257249201}
  m_Father: {fileID: 82026626833865643}
  m_RootOrder: 2
  m_LocalEulerAnglesHint: {x: 0, y: 0, z: 0}
--- !u!1 &3341912842769148691
GameObject:
  m_ObjectHideFlags: 0
  m_CorrespondingSourceObject: {fileID: 0}
  m_PrefabInstance: {fileID: 0}
  m_PrefabAsset: {fileID: 0}
  serializedVersion: 6
  m_Component:
  - component: {fileID: 490746288137954461}
  m_Layer: 0
  m_Name: ItemPoint3 (2)
  m_TagString: Untagged
  m_Icon: {fileID: 0}
  m_NavMeshLayer: 0
  m_StaticEditorFlags: 0
  m_IsActive: 1
--- !u!4 &490746288137954461
Transform:
  m_ObjectHideFlags: 0
  m_CorrespondingSourceObject: {fileID: 0}
  m_PrefabInstance: {fileID: 0}
  m_PrefabAsset: {fileID: 0}
  m_GameObject: {fileID: 3341912842769148691}
  m_LocalRotation: {x: -0, y: -0, z: -0, w: 1}
  m_LocalPosition: {x: 0, y: 0, z: 305.2}
  m_LocalScale: {x: 1, y: 1, z: 1}
  m_ConstrainProportionsScale: 0
  m_Children:
  - {fileID: 5278730534332425446}
  - {fileID: 7046390771681048871}
  - {fileID: 6900294914176294113}
  - {fileID: 4439313736608687430}
  - {fileID: 3663727467697169815}
  - {fileID: 5664113911355054230}
  - {fileID: 1155236063991624030}
  - {fileID: 1608642504392743584}
  - {fileID: 3715808149660601343}
  - {fileID: 8532850329404026588}
  - {fileID: 678601471016705489}
  - {fileID: 4473551134310037087}
  m_Father: {fileID: 82026626833865643}
  m_RootOrder: 1
  m_LocalEulerAnglesHint: {x: 0, y: 0, z: 0}
--- !u!1 &4624270838779116690
GameObject:
  m_ObjectHideFlags: 0
  m_CorrespondingSourceObject: {fileID: 0}
  m_PrefabInstance: {fileID: 0}
  m_PrefabAsset: {fileID: 0}
  serializedVersion: 6
  m_Component:
  - component: {fileID: 864919021782905534}
  m_Layer: 0
  m_Name: ItemPoint4 (1)
  m_TagString: Untagged
  m_Icon: {fileID: 0}
  m_NavMeshLayer: 0
  m_StaticEditorFlags: 0
  m_IsActive: 1
--- !u!4 &864919021782905534
Transform:
  m_ObjectHideFlags: 0
  m_CorrespondingSourceObject: {fileID: 0}
  m_PrefabInstance: {fileID: 0}
  m_PrefabAsset: {fileID: 0}
  m_GameObject: {fileID: 4624270838779116690}
  m_LocalRotation: {x: -0, y: -0, z: -0, w: 1}
  m_LocalPosition: {x: 0, y: 0, z: 264.80002}
  m_LocalScale: {x: 1, y: 1, z: 1}
  m_ConstrainProportionsScale: 0
  m_Children:
  - {fileID: 3519211762166105521}
  - {fileID: 5472154696242084116}
  m_Father: {fileID: 82026626833865643}
  m_RootOrder: 0
  m_LocalEulerAnglesHint: {x: 0, y: 0, z: 0}
--- !u!1001 &616765067293378473
PrefabInstance:
  m_ObjectHideFlags: 0
  serializedVersion: 2
  m_Modification:
    m_TransformParent: {fileID: 6340420807700016113}
    m_Modifications:
    - target: {fileID: 2103360389736583981, guid: 208c8cfb22a384e239e192e73d8db774,
        type: 3}
      propertyPath: m_Name
      value: ItemPosition (2)
      objectReference: {fileID: 0}
    - target: {fileID: 2103360389736583982, guid: 208c8cfb22a384e239e192e73d8db774,
        type: 3}
      propertyPath: m_RootOrder
      value: 2
      objectReference: {fileID: 0}
    - target: {fileID: 2103360389736583982, guid: 208c8cfb22a384e239e192e73d8db774,
        type: 3}
      propertyPath: m_LocalPosition.x
      value: 0
      objectReference: {fileID: 0}
    - target: {fileID: 2103360389736583982, guid: 208c8cfb22a384e239e192e73d8db774,
        type: 3}
      propertyPath: m_LocalPosition.y
      value: 0
      objectReference: {fileID: 0}
    - target: {fileID: 2103360389736583982, guid: 208c8cfb22a384e239e192e73d8db774,
        type: 3}
      propertyPath: m_LocalPosition.z
      value: -5
      objectReference: {fileID: 0}
    - target: {fileID: 2103360389736583982, guid: 208c8cfb22a384e239e192e73d8db774,
        type: 3}
      propertyPath: m_LocalRotation.w
      value: 1
      objectReference: {fileID: 0}
    - target: {fileID: 2103360389736583982, guid: 208c8cfb22a384e239e192e73d8db774,
        type: 3}
      propertyPath: m_LocalRotation.x
      value: -0
      objectReference: {fileID: 0}
    - target: {fileID: 2103360389736583982, guid: 208c8cfb22a384e239e192e73d8db774,
        type: 3}
      propertyPath: m_LocalRotation.y
      value: -0
      objectReference: {fileID: 0}
    - target: {fileID: 2103360389736583982, guid: 208c8cfb22a384e239e192e73d8db774,
        type: 3}
      propertyPath: m_LocalRotation.z
      value: -0
      objectReference: {fileID: 0}
    - target: {fileID: 2103360389736583982, guid: 208c8cfb22a384e239e192e73d8db774,
        type: 3}
      propertyPath: m_LocalEulerAnglesHint.x
      value: 0
      objectReference: {fileID: 0}
    - target: {fileID: 2103360389736583982, guid: 208c8cfb22a384e239e192e73d8db774,
        type: 3}
      propertyPath: m_LocalEulerAnglesHint.y
      value: 0
      objectReference: {fileID: 0}
    - target: {fileID: 2103360389736583982, guid: 208c8cfb22a384e239e192e73d8db774,
        type: 3}
      propertyPath: m_LocalEulerAnglesHint.z
      value: 0
      objectReference: {fileID: 0}
    m_RemovedComponents: []
  m_SourcePrefab: {fileID: 100100000, guid: 208c8cfb22a384e239e192e73d8db774, type: 3}
--- !u!4 &1567133575059608711 stripped
Transform:
  m_CorrespondingSourceObject: {fileID: 2103360389736583982, guid: 208c8cfb22a384e239e192e73d8db774,
    type: 3}
  m_PrefabInstance: {fileID: 616765067293378473}
  m_PrefabAsset: {fileID: 0}
--- !u!1001 &820685326594656654
PrefabInstance:
  m_ObjectHideFlags: 0
  serializedVersion: 2
  m_Modification:
    m_TransformParent: {fileID: 490746288137954461}
    m_Modifications:
    - target: {fileID: 2103360389736583981, guid: 208c8cfb22a384e239e192e73d8db774,
        type: 3}
      propertyPath: m_Name
      value: ItemPosition (7)
      objectReference: {fileID: 0}
    - target: {fileID: 2103360389736583982, guid: 208c8cfb22a384e239e192e73d8db774,
        type: 3}
      propertyPath: m_RootOrder
      value: 7
      objectReference: {fileID: 0}
    - target: {fileID: 2103360389736583982, guid: 208c8cfb22a384e239e192e73d8db774,
        type: 3}
      propertyPath: m_LocalPosition.x
      value: 0
      objectReference: {fileID: 0}
    - target: {fileID: 2103360389736583982, guid: 208c8cfb22a384e239e192e73d8db774,
        type: 3}
      propertyPath: m_LocalPosition.y
      value: 0
      objectReference: {fileID: 0}
    - target: {fileID: 2103360389736583982, guid: 208c8cfb22a384e239e192e73d8db774,
        type: 3}
      propertyPath: m_LocalPosition.z
      value: 20
      objectReference: {fileID: 0}
    - target: {fileID: 2103360389736583982, guid: 208c8cfb22a384e239e192e73d8db774,
        type: 3}
      propertyPath: m_LocalRotation.w
      value: 1
      objectReference: {fileID: 0}
    - target: {fileID: 2103360389736583982, guid: 208c8cfb22a384e239e192e73d8db774,
        type: 3}
      propertyPath: m_LocalRotation.x
      value: -0
      objectReference: {fileID: 0}
    - target: {fileID: 2103360389736583982, guid: 208c8cfb22a384e239e192e73d8db774,
        type: 3}
      propertyPath: m_LocalRotation.y
      value: -0
      objectReference: {fileID: 0}
    - target: {fileID: 2103360389736583982, guid: 208c8cfb22a384e239e192e73d8db774,
        type: 3}
      propertyPath: m_LocalRotation.z
      value: -0
      objectReference: {fileID: 0}
    - target: {fileID: 2103360389736583982, guid: 208c8cfb22a384e239e192e73d8db774,
        type: 3}
      propertyPath: m_LocalEulerAnglesHint.x
      value: 0
      objectReference: {fileID: 0}
    - target: {fileID: 2103360389736583982, guid: 208c8cfb22a384e239e192e73d8db774,
        type: 3}
      propertyPath: m_LocalEulerAnglesHint.y
      value: 0
      objectReference: {fileID: 0}
    - target: {fileID: 2103360389736583982, guid: 208c8cfb22a384e239e192e73d8db774,
        type: 3}
      propertyPath: m_LocalEulerAnglesHint.z
      value: 0
      objectReference: {fileID: 0}
    m_RemovedComponents: []
  m_SourcePrefab: {fileID: 100100000, guid: 208c8cfb22a384e239e192e73d8db774, type: 3}
--- !u!4 &1608642504392743584 stripped
Transform:
  m_CorrespondingSourceObject: {fileID: 2103360389736583982, guid: 208c8cfb22a384e239e192e73d8db774,
    type: 3}
  m_PrefabInstance: {fileID: 820685326594656654}
  m_PrefabAsset: {fileID: 0}
--- !u!1001 &952680874570195568
PrefabInstance:
  m_ObjectHideFlags: 0
  serializedVersion: 2
  m_Modification:
    m_TransformParent: {fileID: 490746288137954461}
    m_Modifications:
    - target: {fileID: 2103360389736583981, guid: 208c8cfb22a384e239e192e73d8db774,
        type: 3}
      propertyPath: m_Name
      value: ItemPosition (6)
      objectReference: {fileID: 0}
    - target: {fileID: 2103360389736583982, guid: 208c8cfb22a384e239e192e73d8db774,
        type: 3}
      propertyPath: m_RootOrder
      value: 6
      objectReference: {fileID: 0}
    - target: {fileID: 2103360389736583982, guid: 208c8cfb22a384e239e192e73d8db774,
        type: 3}
      propertyPath: m_LocalPosition.x
      value: 0
      objectReference: {fileID: 0}
    - target: {fileID: 2103360389736583982, guid: 208c8cfb22a384e239e192e73d8db774,
        type: 3}
      propertyPath: m_LocalPosition.y
      value: 0
      objectReference: {fileID: 0}
    - target: {fileID: 2103360389736583982, guid: 208c8cfb22a384e239e192e73d8db774,
        type: 3}
      propertyPath: m_LocalPosition.z
      value: 15
      objectReference: {fileID: 0}
    - target: {fileID: 2103360389736583982, guid: 208c8cfb22a384e239e192e73d8db774,
        type: 3}
      propertyPath: m_LocalRotation.w
      value: 1
      objectReference: {fileID: 0}
    - target: {fileID: 2103360389736583982, guid: 208c8cfb22a384e239e192e73d8db774,
        type: 3}
      propertyPath: m_LocalRotation.x
      value: -0
      objectReference: {fileID: 0}
    - target: {fileID: 2103360389736583982, guid: 208c8cfb22a384e239e192e73d8db774,
        type: 3}
      propertyPath: m_LocalRotation.y
      value: -0
      objectReference: {fileID: 0}
    - target: {fileID: 2103360389736583982, guid: 208c8cfb22a384e239e192e73d8db774,
        type: 3}
      propertyPath: m_LocalRotation.z
      value: -0
      objectReference: {fileID: 0}
    - target: {fileID: 2103360389736583982, guid: 208c8cfb22a384e239e192e73d8db774,
        type: 3}
      propertyPath: m_LocalEulerAnglesHint.x
      value: 0
      objectReference: {fileID: 0}
    - target: {fileID: 2103360389736583982, guid: 208c8cfb22a384e239e192e73d8db774,
        type: 3}
      propertyPath: m_LocalEulerAnglesHint.y
      value: 0
      objectReference: {fileID: 0}
    - target: {fileID: 2103360389736583982, guid: 208c8cfb22a384e239e192e73d8db774,
        type: 3}
      propertyPath: m_LocalEulerAnglesHint.z
      value: 0
      objectReference: {fileID: 0}
    m_RemovedComponents: []
  m_SourcePrefab: {fileID: 100100000, guid: 208c8cfb22a384e239e192e73d8db774, type: 3}
--- !u!4 &1155236063991624030 stripped
Transform:
  m_CorrespondingSourceObject: {fileID: 2103360389736583982, guid: 208c8cfb22a384e239e192e73d8db774,
    type: 3}
  m_PrefabInstance: {fileID: 952680874570195568}
  m_PrefabAsset: {fileID: 0}
--- !u!1001 &1221375618779148117
PrefabInstance:
  m_ObjectHideFlags: 0
  serializedVersion: 2
  m_Modification:
    m_TransformParent: {fileID: 6340420807700016113}
    m_Modifications:
    - target: {fileID: 2103360389736583981, guid: 208c8cfb22a384e239e192e73d8db774,
        type: 3}
      propertyPath: m_Name
      value: ItemPosition
      objectReference: {fileID: 0}
    - target: {fileID: 2103360389736583982, guid: 208c8cfb22a384e239e192e73d8db774,
        type: 3}
      propertyPath: m_RootOrder
      value: 0
      objectReference: {fileID: 0}
    - target: {fileID: 2103360389736583982, guid: 208c8cfb22a384e239e192e73d8db774,
        type: 3}
      propertyPath: m_LocalPosition.x
      value: 0
      objectReference: {fileID: 0}
    - target: {fileID: 2103360389736583982, guid: 208c8cfb22a384e239e192e73d8db774,
        type: 3}
      propertyPath: m_LocalPosition.y
      value: 0
      objectReference: {fileID: 0}
    - target: {fileID: 2103360389736583982, guid: 208c8cfb22a384e239e192e73d8db774,
        type: 3}
      propertyPath: m_LocalPosition.z
      value: -15
      objectReference: {fileID: 0}
    - target: {fileID: 2103360389736583982, guid: 208c8cfb22a384e239e192e73d8db774,
        type: 3}
      propertyPath: m_LocalRotation.w
      value: 1
      objectReference: {fileID: 0}
    - target: {fileID: 2103360389736583982, guid: 208c8cfb22a384e239e192e73d8db774,
        type: 3}
      propertyPath: m_LocalRotation.x
      value: -0
      objectReference: {fileID: 0}
    - target: {fileID: 2103360389736583982, guid: 208c8cfb22a384e239e192e73d8db774,
        type: 3}
      propertyPath: m_LocalRotation.y
      value: -0
      objectReference: {fileID: 0}
    - target: {fileID: 2103360389736583982, guid: 208c8cfb22a384e239e192e73d8db774,
        type: 3}
      propertyPath: m_LocalRotation.z
      value: -0
      objectReference: {fileID: 0}
    - target: {fileID: 2103360389736583982, guid: 208c8cfb22a384e239e192e73d8db774,
        type: 3}
      propertyPath: m_LocalEulerAnglesHint.x
      value: 0
      objectReference: {fileID: 0}
    - target: {fileID: 2103360389736583982, guid: 208c8cfb22a384e239e192e73d8db774,
        type: 3}
      propertyPath: m_LocalEulerAnglesHint.y
      value: 0
      objectReference: {fileID: 0}
    - target: {fileID: 2103360389736583982, guid: 208c8cfb22a384e239e192e73d8db774,
        type: 3}
      propertyPath: m_LocalEulerAnglesHint.z
      value: 0
      objectReference: {fileID: 0}
    m_RemovedComponents: []
  m_SourcePrefab: {fileID: 100100000, guid: 208c8cfb22a384e239e192e73d8db774, type: 3}
--- !u!1 &991796348037053560 stripped
GameObject:
  m_CorrespondingSourceObject: {fileID: 2103360389736583981, guid: 208c8cfb22a384e239e192e73d8db774,
    type: 3}
  m_PrefabInstance: {fileID: 1221375618779148117}
  m_PrefabAsset: {fileID: 0}
--- !u!135 &4682563745203468824
SphereCollider:
  m_ObjectHideFlags: 0
  m_CorrespondingSourceObject: {fileID: 0}
  m_PrefabInstance: {fileID: 0}
  m_PrefabAsset: {fileID: 0}
  m_GameObject: {fileID: 991796348037053560}
  m_Material: {fileID: 0}
  m_IsTrigger: 1
  m_Enabled: 1
  serializedVersion: 2
  m_Radius: 0.5
  m_Center: {x: 0, y: 0, z: 0}
--- !u!4 &991796348037053563 stripped
Transform:
  m_CorrespondingSourceObject: {fileID: 2103360389736583982, guid: 208c8cfb22a384e239e192e73d8db774,
    type: 3}
  m_PrefabInstance: {fileID: 1221375618779148117}
  m_PrefabAsset: {fileID: 0}
--- !u!1001 &1466558640224882431
PrefabInstance:
  m_ObjectHideFlags: 0
  serializedVersion: 2
  m_Modification:
    m_TransformParent: {fileID: 490746288137954461}
    m_Modifications:
    - target: {fileID: 2103360389736583981, guid: 208c8cfb22a384e239e192e73d8db774,
        type: 3}
      propertyPath: m_Name
      value: ItemPosition (10)
      objectReference: {fileID: 0}
    - target: {fileID: 2103360389736583982, guid: 208c8cfb22a384e239e192e73d8db774,
        type: 3}
      propertyPath: m_RootOrder
      value: 10
      objectReference: {fileID: 0}
    - target: {fileID: 2103360389736583982, guid: 208c8cfb22a384e239e192e73d8db774,
        type: 3}
      propertyPath: m_LocalPosition.x
      value: 0
      objectReference: {fileID: 0}
    - target: {fileID: 2103360389736583982, guid: 208c8cfb22a384e239e192e73d8db774,
        type: 3}
      propertyPath: m_LocalPosition.y
      value: 0
      objectReference: {fileID: 0}
    - target: {fileID: 2103360389736583982, guid: 208c8cfb22a384e239e192e73d8db774,
        type: 3}
      propertyPath: m_LocalPosition.z
      value: 35
      objectReference: {fileID: 0}
    - target: {fileID: 2103360389736583982, guid: 208c8cfb22a384e239e192e73d8db774,
        type: 3}
      propertyPath: m_LocalRotation.w
      value: 1
      objectReference: {fileID: 0}
    - target: {fileID: 2103360389736583982, guid: 208c8cfb22a384e239e192e73d8db774,
        type: 3}
      propertyPath: m_LocalRotation.x
      value: -0
      objectReference: {fileID: 0}
    - target: {fileID: 2103360389736583982, guid: 208c8cfb22a384e239e192e73d8db774,
        type: 3}
      propertyPath: m_LocalRotation.y
      value: -0
      objectReference: {fileID: 0}
    - target: {fileID: 2103360389736583982, guid: 208c8cfb22a384e239e192e73d8db774,
        type: 3}
      propertyPath: m_LocalRotation.z
      value: -0
      objectReference: {fileID: 0}
    - target: {fileID: 2103360389736583982, guid: 208c8cfb22a384e239e192e73d8db774,
        type: 3}
      propertyPath: m_LocalEulerAnglesHint.x
      value: 0
      objectReference: {fileID: 0}
    - target: {fileID: 2103360389736583982, guid: 208c8cfb22a384e239e192e73d8db774,
        type: 3}
      propertyPath: m_LocalEulerAnglesHint.y
      value: 0
      objectReference: {fileID: 0}
    - target: {fileID: 2103360389736583982, guid: 208c8cfb22a384e239e192e73d8db774,
        type: 3}
      propertyPath: m_LocalEulerAnglesHint.z
      value: 0
      objectReference: {fileID: 0}
    m_RemovedComponents: []
  m_SourcePrefab: {fileID: 100100000, guid: 208c8cfb22a384e239e192e73d8db774, type: 3}
--- !u!4 &678601471016705489 stripped
Transform:
  m_CorrespondingSourceObject: {fileID: 2103360389736583982, guid: 208c8cfb22a384e239e192e73d8db774,
    type: 3}
  m_PrefabInstance: {fileID: 1466558640224882431}
  m_PrefabAsset: {fileID: 0}
--- !u!1001 &2276120941433856159
PrefabInstance:
  m_ObjectHideFlags: 0
  serializedVersion: 2
  m_Modification:
    m_TransformParent: {fileID: 6340420807700016113}
    m_Modifications:
    - target: {fileID: 2103360389736583981, guid: 208c8cfb22a384e239e192e73d8db774,
        type: 3}
      propertyPath: m_Name
      value: ItemPosition (5)
      objectReference: {fileID: 0}
    - target: {fileID: 2103360389736583982, guid: 208c8cfb22a384e239e192e73d8db774,
        type: 3}
      propertyPath: m_RootOrder
      value: 5
      objectReference: {fileID: 0}
    - target: {fileID: 2103360389736583982, guid: 208c8cfb22a384e239e192e73d8db774,
        type: 3}
      propertyPath: m_LocalPosition.x
      value: 0
      objectReference: {fileID: 0}
    - target: {fileID: 2103360389736583982, guid: 208c8cfb22a384e239e192e73d8db774,
        type: 3}
      propertyPath: m_LocalPosition.y
      value: 0
      objectReference: {fileID: 0}
    - target: {fileID: 2103360389736583982, guid: 208c8cfb22a384e239e192e73d8db774,
        type: 3}
      propertyPath: m_LocalPosition.z
      value: 10
      objectReference: {fileID: 0}
    - target: {fileID: 2103360389736583982, guid: 208c8cfb22a384e239e192e73d8db774,
        type: 3}
      propertyPath: m_LocalRotation.w
      value: 1
      objectReference: {fileID: 0}
    - target: {fileID: 2103360389736583982, guid: 208c8cfb22a384e239e192e73d8db774,
        type: 3}
      propertyPath: m_LocalRotation.x
      value: -0
      objectReference: {fileID: 0}
    - target: {fileID: 2103360389736583982, guid: 208c8cfb22a384e239e192e73d8db774,
        type: 3}
      propertyPath: m_LocalRotation.y
      value: -0
      objectReference: {fileID: 0}
    - target: {fileID: 2103360389736583982, guid: 208c8cfb22a384e239e192e73d8db774,
        type: 3}
      propertyPath: m_LocalRotation.z
      value: -0
      objectReference: {fileID: 0}
    - target: {fileID: 2103360389736583982, guid: 208c8cfb22a384e239e192e73d8db774,
        type: 3}
      propertyPath: m_LocalEulerAnglesHint.x
      value: 0
      objectReference: {fileID: 0}
    - target: {fileID: 2103360389736583982, guid: 208c8cfb22a384e239e192e73d8db774,
        type: 3}
      propertyPath: m_LocalEulerAnglesHint.y
      value: 0
      objectReference: {fileID: 0}
    - target: {fileID: 2103360389736583982, guid: 208c8cfb22a384e239e192e73d8db774,
        type: 3}
      propertyPath: m_LocalEulerAnglesHint.z
      value: 0
      objectReference: {fileID: 0}
    m_RemovedComponents: []
  m_SourcePrefab: {fileID: 100100000, guid: 208c8cfb22a384e239e192e73d8db774, type: 3}
--- !u!4 &191056426257249201 stripped
Transform:
  m_CorrespondingSourceObject: {fileID: 2103360389736583982, guid: 208c8cfb22a384e239e192e73d8db774,
    type: 3}
  m_PrefabInstance: {fileID: 2276120941433856159}
  m_PrefabAsset: {fileID: 0}
--- !u!1001 &2354044996840257128
PrefabInstance:
  m_ObjectHideFlags: 0
  serializedVersion: 2
  m_Modification:
    m_TransformParent: {fileID: 490746288137954461}
    m_Modifications:
    - target: {fileID: 2103360389736583981, guid: 208c8cfb22a384e239e192e73d8db774,
        type: 3}
      propertyPath: m_Name
      value: ItemPosition (3)
      objectReference: {fileID: 0}
    - target: {fileID: 2103360389736583982, guid: 208c8cfb22a384e239e192e73d8db774,
        type: 3}
      propertyPath: m_RootOrder
      value: 3
      objectReference: {fileID: 0}
    - target: {fileID: 2103360389736583982, guid: 208c8cfb22a384e239e192e73d8db774,
        type: 3}
      propertyPath: m_LocalPosition.x
      value: 0
      objectReference: {fileID: 0}
    - target: {fileID: 2103360389736583982, guid: 208c8cfb22a384e239e192e73d8db774,
        type: 3}
      propertyPath: m_LocalPosition.y
      value: 0
      objectReference: {fileID: 0}
    - target: {fileID: 2103360389736583982, guid: 208c8cfb22a384e239e192e73d8db774,
        type: 3}
      propertyPath: m_LocalPosition.z
      value: 0
      objectReference: {fileID: 0}
    - target: {fileID: 2103360389736583982, guid: 208c8cfb22a384e239e192e73d8db774,
        type: 3}
      propertyPath: m_LocalRotation.w
      value: 1
      objectReference: {fileID: 0}
    - target: {fileID: 2103360389736583982, guid: 208c8cfb22a384e239e192e73d8db774,
        type: 3}
      propertyPath: m_LocalRotation.x
      value: -0
      objectReference: {fileID: 0}
    - target: {fileID: 2103360389736583982, guid: 208c8cfb22a384e239e192e73d8db774,
        type: 3}
      propertyPath: m_LocalRotation.y
      value: -0
      objectReference: {fileID: 0}
    - target: {fileID: 2103360389736583982, guid: 208c8cfb22a384e239e192e73d8db774,
        type: 3}
      propertyPath: m_LocalRotation.z
      value: -0
      objectReference: {fileID: 0}
    - target: {fileID: 2103360389736583982, guid: 208c8cfb22a384e239e192e73d8db774,
        type: 3}
      propertyPath: m_LocalEulerAnglesHint.x
      value: 0
      objectReference: {fileID: 0}
    - target: {fileID: 2103360389736583982, guid: 208c8cfb22a384e239e192e73d8db774,
        type: 3}
      propertyPath: m_LocalEulerAnglesHint.y
      value: 0
      objectReference: {fileID: 0}
    - target: {fileID: 2103360389736583982, guid: 208c8cfb22a384e239e192e73d8db774,
        type: 3}
      propertyPath: m_LocalEulerAnglesHint.z
      value: 0
      objectReference: {fileID: 0}
    m_RemovedComponents: []
  m_SourcePrefab: {fileID: 100100000, guid: 208c8cfb22a384e239e192e73d8db774, type: 3}
--- !u!4 &4439313736608687430 stripped
Transform:
  m_CorrespondingSourceObject: {fileID: 2103360389736583982, guid: 208c8cfb22a384e239e192e73d8db774,
    type: 3}
  m_PrefabInstance: {fileID: 2354044996840257128}
  m_PrefabAsset: {fileID: 0}
--- !u!1001 &2532602092853929329
PrefabInstance:
  m_ObjectHideFlags: 0
  serializedVersion: 2
  m_Modification:
    m_TransformParent: {fileID: 490746288137954461}
    m_Modifications:
    - target: {fileID: 2103360389736583981, guid: 208c8cfb22a384e239e192e73d8db774,
        type: 3}
      propertyPath: m_Name
      value: ItemPosition (11)
      objectReference: {fileID: 0}
    - target: {fileID: 2103360389736583982, guid: 208c8cfb22a384e239e192e73d8db774,
        type: 3}
      propertyPath: m_RootOrder
      value: 11
      objectReference: {fileID: 0}
    - target: {fileID: 2103360389736583982, guid: 208c8cfb22a384e239e192e73d8db774,
        type: 3}
      propertyPath: m_LocalPosition.x
      value: 0
      objectReference: {fileID: 0}
    - target: {fileID: 2103360389736583982, guid: 208c8cfb22a384e239e192e73d8db774,
        type: 3}
      propertyPath: m_LocalPosition.y
      value: 0
      objectReference: {fileID: 0}
    - target: {fileID: 2103360389736583982, guid: 208c8cfb22a384e239e192e73d8db774,
        type: 3}
      propertyPath: m_LocalPosition.z
      value: 40
      objectReference: {fileID: 0}
    - target: {fileID: 2103360389736583982, guid: 208c8cfb22a384e239e192e73d8db774,
        type: 3}
      propertyPath: m_LocalRotation.w
      value: 1
      objectReference: {fileID: 0}
    - target: {fileID: 2103360389736583982, guid: 208c8cfb22a384e239e192e73d8db774,
        type: 3}
      propertyPath: m_LocalRotation.x
      value: -0
      objectReference: {fileID: 0}
    - target: {fileID: 2103360389736583982, guid: 208c8cfb22a384e239e192e73d8db774,
        type: 3}
      propertyPath: m_LocalRotation.y
      value: -0
      objectReference: {fileID: 0}
    - target: {fileID: 2103360389736583982, guid: 208c8cfb22a384e239e192e73d8db774,
        type: 3}
      propertyPath: m_LocalRotation.z
      value: -0
      objectReference: {fileID: 0}
    - target: {fileID: 2103360389736583982, guid: 208c8cfb22a384e239e192e73d8db774,
        type: 3}
      propertyPath: m_LocalEulerAnglesHint.x
      value: 0
      objectReference: {fileID: 0}
    - target: {fileID: 2103360389736583982, guid: 208c8cfb22a384e239e192e73d8db774,
        type: 3}
      propertyPath: m_LocalEulerAnglesHint.y
      value: 0
      objectReference: {fileID: 0}
    - target: {fileID: 2103360389736583982, guid: 208c8cfb22a384e239e192e73d8db774,
        type: 3}
      propertyPath: m_LocalEulerAnglesHint.z
      value: 0
      objectReference: {fileID: 0}
    m_RemovedComponents: []
  m_SourcePrefab: {fileID: 100100000, guid: 208c8cfb22a384e239e192e73d8db774, type: 3}
--- !u!4 &4473551134310037087 stripped
Transform:
  m_CorrespondingSourceObject: {fileID: 2103360389736583982, guid: 208c8cfb22a384e239e192e73d8db774,
    type: 3}
  m_PrefabInstance: {fileID: 2532602092853929329}
  m_PrefabAsset: {fileID: 0}
--- !u!1001 &3217836683935462140
PrefabInstance:
  m_ObjectHideFlags: 0
  serializedVersion: 2
  m_Modification:
    m_TransformParent: {fileID: 6340420807700016113}
    m_Modifications:
    - target: {fileID: 2103360389736583981, guid: 208c8cfb22a384e239e192e73d8db774,
        type: 3}
      propertyPath: m_Name
      value: ItemPosition (4)
      objectReference: {fileID: 0}
    - target: {fileID: 2103360389736583982, guid: 208c8cfb22a384e239e192e73d8db774,
        type: 3}
      propertyPath: m_RootOrder
      value: 4
      objectReference: {fileID: 0}
    - target: {fileID: 2103360389736583982, guid: 208c8cfb22a384e239e192e73d8db774,
        type: 3}
      propertyPath: m_LocalPosition.x
      value: 0
      objectReference: {fileID: 0}
    - target: {fileID: 2103360389736583982, guid: 208c8cfb22a384e239e192e73d8db774,
        type: 3}
      propertyPath: m_LocalPosition.y
      value: 0
      objectReference: {fileID: 0}
    - target: {fileID: 2103360389736583982, guid: 208c8cfb22a384e239e192e73d8db774,
        type: 3}
      propertyPath: m_LocalPosition.z
      value: 5
      objectReference: {fileID: 0}
    - target: {fileID: 2103360389736583982, guid: 208c8cfb22a384e239e192e73d8db774,
        type: 3}
      propertyPath: m_LocalRotation.w
      value: 1
      objectReference: {fileID: 0}
    - target: {fileID: 2103360389736583982, guid: 208c8cfb22a384e239e192e73d8db774,
        type: 3}
      propertyPath: m_LocalRotation.x
      value: -0
      objectReference: {fileID: 0}
    - target: {fileID: 2103360389736583982, guid: 208c8cfb22a384e239e192e73d8db774,
        type: 3}
      propertyPath: m_LocalRotation.y
      value: -0
      objectReference: {fileID: 0}
    - target: {fileID: 2103360389736583982, guid: 208c8cfb22a384e239e192e73d8db774,
        type: 3}
      propertyPath: m_LocalRotation.z
      value: -0
      objectReference: {fileID: 0}
    - target: {fileID: 2103360389736583982, guid: 208c8cfb22a384e239e192e73d8db774,
        type: 3}
      propertyPath: m_LocalEulerAnglesHint.x
      value: 0
      objectReference: {fileID: 0}
    - target: {fileID: 2103360389736583982, guid: 208c8cfb22a384e239e192e73d8db774,
        type: 3}
      propertyPath: m_LocalEulerAnglesHint.y
      value: 0
      objectReference: {fileID: 0}
    - target: {fileID: 2103360389736583982, guid: 208c8cfb22a384e239e192e73d8db774,
        type: 3}
      propertyPath: m_LocalEulerAnglesHint.z
      value: 0
      objectReference: {fileID: 0}
    m_RemovedComponents: []
  m_SourcePrefab: {fileID: 100100000, guid: 208c8cfb22a384e239e192e73d8db774, type: 3}
--- !u!4 &3573797942199443922 stripped
Transform:
  m_CorrespondingSourceObject: {fileID: 2103360389736583982, guid: 208c8cfb22a384e239e192e73d8db774,
    type: 3}
  m_PrefabInstance: {fileID: 3217836683935462140}
  m_PrefabAsset: {fileID: 0}
--- !u!1001 &3307440183907571359
PrefabInstance:
  m_ObjectHideFlags: 0
  serializedVersion: 2
  m_Modification:
    m_TransformParent: {fileID: 864919021782905534}
    m_Modifications:
    - target: {fileID: 2103360389736583981, guid: 208c8cfb22a384e239e192e73d8db774,
        type: 3}
      propertyPath: m_Name
      value: ItemPosition (6)
      objectReference: {fileID: 0}
    - target: {fileID: 2103360389736583982, guid: 208c8cfb22a384e239e192e73d8db774,
        type: 3}
      propertyPath: m_RootOrder
      value: 0
      objectReference: {fileID: 0}
    - target: {fileID: 2103360389736583982, guid: 208c8cfb22a384e239e192e73d8db774,
        type: 3}
      propertyPath: m_LocalPosition.x
      value: 0
      objectReference: {fileID: 0}
    - target: {fileID: 2103360389736583982, guid: 208c8cfb22a384e239e192e73d8db774,
        type: 3}
      propertyPath: m_LocalPosition.y
      value: 0
      objectReference: {fileID: 0}
    - target: {fileID: 2103360389736583982, guid: 208c8cfb22a384e239e192e73d8db774,
        type: 3}
      propertyPath: m_LocalPosition.z
      value: 15
      objectReference: {fileID: 0}
    - target: {fileID: 2103360389736583982, guid: 208c8cfb22a384e239e192e73d8db774,
        type: 3}
      propertyPath: m_LocalRotation.w
      value: 1
      objectReference: {fileID: 0}
    - target: {fileID: 2103360389736583982, guid: 208c8cfb22a384e239e192e73d8db774,
        type: 3}
      propertyPath: m_LocalRotation.x
      value: -0
      objectReference: {fileID: 0}
    - target: {fileID: 2103360389736583982, guid: 208c8cfb22a384e239e192e73d8db774,
        type: 3}
      propertyPath: m_LocalRotation.y
      value: -0
      objectReference: {fileID: 0}
    - target: {fileID: 2103360389736583982, guid: 208c8cfb22a384e239e192e73d8db774,
        type: 3}
      propertyPath: m_LocalRotation.z
      value: -0
      objectReference: {fileID: 0}
    - target: {fileID: 2103360389736583982, guid: 208c8cfb22a384e239e192e73d8db774,
        type: 3}
      propertyPath: m_LocalEulerAnglesHint.x
      value: 0
      objectReference: {fileID: 0}
    - target: {fileID: 2103360389736583982, guid: 208c8cfb22a384e239e192e73d8db774,
        type: 3}
      propertyPath: m_LocalEulerAnglesHint.y
      value: 0
      objectReference: {fileID: 0}
    - target: {fileID: 2103360389736583982, guid: 208c8cfb22a384e239e192e73d8db774,
        type: 3}
      propertyPath: m_LocalEulerAnglesHint.z
      value: 0
      objectReference: {fileID: 0}
    m_RemovedComponents: []
  m_SourcePrefab: {fileID: 100100000, guid: 208c8cfb22a384e239e192e73d8db774, type: 3}
--- !u!4 &3519211762166105521 stripped
Transform:
  m_CorrespondingSourceObject: {fileID: 2103360389736583982, guid: 208c8cfb22a384e239e192e73d8db774,
    type: 3}
  m_PrefabInstance: {fileID: 3307440183907571359}
  m_PrefabAsset: {fileID: 0}
--- !u!1001 &3360126167375272145
PrefabInstance:
  m_ObjectHideFlags: 0
  serializedVersion: 2
  m_Modification:
    m_TransformParent: {fileID: 490746288137954461}
    m_Modifications:
    - target: {fileID: 2103360389736583981, guid: 208c8cfb22a384e239e192e73d8db774,
        type: 3}
      propertyPath: m_Name
      value: ItemPosition (8)
      objectReference: {fileID: 0}
    - target: {fileID: 2103360389736583982, guid: 208c8cfb22a384e239e192e73d8db774,
        type: 3}
      propertyPath: m_RootOrder
      value: 8
      objectReference: {fileID: 0}
    - target: {fileID: 2103360389736583982, guid: 208c8cfb22a384e239e192e73d8db774,
        type: 3}
      propertyPath: m_LocalPosition.x
      value: 0
      objectReference: {fileID: 0}
    - target: {fileID: 2103360389736583982, guid: 208c8cfb22a384e239e192e73d8db774,
        type: 3}
      propertyPath: m_LocalPosition.y
      value: 0
      objectReference: {fileID: 0}
    - target: {fileID: 2103360389736583982, guid: 208c8cfb22a384e239e192e73d8db774,
        type: 3}
      propertyPath: m_LocalPosition.z
      value: 25
      objectReference: {fileID: 0}
    - target: {fileID: 2103360389736583982, guid: 208c8cfb22a384e239e192e73d8db774,
        type: 3}
      propertyPath: m_LocalRotation.w
      value: 1
      objectReference: {fileID: 0}
    - target: {fileID: 2103360389736583982, guid: 208c8cfb22a384e239e192e73d8db774,
        type: 3}
      propertyPath: m_LocalRotation.x
      value: -0
      objectReference: {fileID: 0}
    - target: {fileID: 2103360389736583982, guid: 208c8cfb22a384e239e192e73d8db774,
        type: 3}
      propertyPath: m_LocalRotation.y
      value: -0
      objectReference: {fileID: 0}
    - target: {fileID: 2103360389736583982, guid: 208c8cfb22a384e239e192e73d8db774,
        type: 3}
      propertyPath: m_LocalRotation.z
      value: -0
      objectReference: {fileID: 0}
    - target: {fileID: 2103360389736583982, guid: 208c8cfb22a384e239e192e73d8db774,
        type: 3}
      propertyPath: m_LocalEulerAnglesHint.x
      value: 0
      objectReference: {fileID: 0}
    - target: {fileID: 2103360389736583982, guid: 208c8cfb22a384e239e192e73d8db774,
        type: 3}
      propertyPath: m_LocalEulerAnglesHint.y
      value: 0
      objectReference: {fileID: 0}
    - target: {fileID: 2103360389736583982, guid: 208c8cfb22a384e239e192e73d8db774,
        type: 3}
      propertyPath: m_LocalEulerAnglesHint.z
      value: 0
      objectReference: {fileID: 0}
    m_RemovedComponents: []
  m_SourcePrefab: {fileID: 100100000, guid: 208c8cfb22a384e239e192e73d8db774, type: 3}
--- !u!4 &3715808149660601343 stripped
Transform:
  m_CorrespondingSourceObject: {fileID: 2103360389736583982, guid: 208c8cfb22a384e239e192e73d8db774,
    type: 3}
  m_PrefabInstance: {fileID: 3360126167375272145}
  m_PrefabAsset: {fileID: 0}
--- !u!1001 &3452167002092615353
PrefabInstance:
  m_ObjectHideFlags: 0
  serializedVersion: 2
  m_Modification:
    m_TransformParent: {fileID: 490746288137954461}
    m_Modifications:
    - target: {fileID: 2103360389736583981, guid: 208c8cfb22a384e239e192e73d8db774,
        type: 3}
      propertyPath: m_Name
      value: ItemPosition (4)
      objectReference: {fileID: 0}
    - target: {fileID: 2103360389736583982, guid: 208c8cfb22a384e239e192e73d8db774,
        type: 3}
      propertyPath: m_RootOrder
      value: 4
      objectReference: {fileID: 0}
    - target: {fileID: 2103360389736583982, guid: 208c8cfb22a384e239e192e73d8db774,
        type: 3}
      propertyPath: m_LocalPosition.x
      value: 0
      objectReference: {fileID: 0}
    - target: {fileID: 2103360389736583982, guid: 208c8cfb22a384e239e192e73d8db774,
        type: 3}
      propertyPath: m_LocalPosition.y
      value: 0
      objectReference: {fileID: 0}
    - target: {fileID: 2103360389736583982, guid: 208c8cfb22a384e239e192e73d8db774,
        type: 3}
      propertyPath: m_LocalPosition.z
      value: 5
      objectReference: {fileID: 0}
    - target: {fileID: 2103360389736583982, guid: 208c8cfb22a384e239e192e73d8db774,
        type: 3}
      propertyPath: m_LocalRotation.w
      value: 1
      objectReference: {fileID: 0}
    - target: {fileID: 2103360389736583982, guid: 208c8cfb22a384e239e192e73d8db774,
        type: 3}
      propertyPath: m_LocalRotation.x
      value: -0
      objectReference: {fileID: 0}
    - target: {fileID: 2103360389736583982, guid: 208c8cfb22a384e239e192e73d8db774,
        type: 3}
      propertyPath: m_LocalRotation.y
      value: -0
      objectReference: {fileID: 0}
    - target: {fileID: 2103360389736583982, guid: 208c8cfb22a384e239e192e73d8db774,
        type: 3}
      propertyPath: m_LocalRotation.z
      value: -0
      objectReference: {fileID: 0}
    - target: {fileID: 2103360389736583982, guid: 208c8cfb22a384e239e192e73d8db774,
        type: 3}
      propertyPath: m_LocalEulerAnglesHint.x
      value: 0
      objectReference: {fileID: 0}
    - target: {fileID: 2103360389736583982, guid: 208c8cfb22a384e239e192e73d8db774,
        type: 3}
      propertyPath: m_LocalEulerAnglesHint.y
      value: 0
      objectReference: {fileID: 0}
    - target: {fileID: 2103360389736583982, guid: 208c8cfb22a384e239e192e73d8db774,
        type: 3}
      propertyPath: m_LocalEulerAnglesHint.z
      value: 0
      objectReference: {fileID: 0}
    m_RemovedComponents: []
  m_SourcePrefab: {fileID: 100100000, guid: 208c8cfb22a384e239e192e73d8db774, type: 3}
--- !u!4 &3663727467697169815 stripped
Transform:
  m_CorrespondingSourceObject: {fileID: 2103360389736583982, guid: 208c8cfb22a384e239e192e73d8db774,
    type: 3}
  m_PrefabInstance: {fileID: 3452167002092615353}
  m_PrefabAsset: {fileID: 0}
--- !u!1001 &4824030898658332623
PrefabInstance:
  m_ObjectHideFlags: 0
  serializedVersion: 2
  m_Modification:
    m_TransformParent: {fileID: 490746288137954461}
    m_Modifications:
    - target: {fileID: 2103360389736583981, guid: 208c8cfb22a384e239e192e73d8db774,
        type: 3}
      propertyPath: m_Name
      value: ItemPosition (2)
      objectReference: {fileID: 0}
    - target: {fileID: 2103360389736583982, guid: 208c8cfb22a384e239e192e73d8db774,
        type: 3}
      propertyPath: m_RootOrder
      value: 2
      objectReference: {fileID: 0}
    - target: {fileID: 2103360389736583982, guid: 208c8cfb22a384e239e192e73d8db774,
        type: 3}
      propertyPath: m_LocalPosition.x
      value: 0
      objectReference: {fileID: 0}
    - target: {fileID: 2103360389736583982, guid: 208c8cfb22a384e239e192e73d8db774,
        type: 3}
      propertyPath: m_LocalPosition.y
      value: 0
      objectReference: {fileID: 0}
    - target: {fileID: 2103360389736583982, guid: 208c8cfb22a384e239e192e73d8db774,
        type: 3}
      propertyPath: m_LocalPosition.z
      value: -5
      objectReference: {fileID: 0}
    - target: {fileID: 2103360389736583982, guid: 208c8cfb22a384e239e192e73d8db774,
        type: 3}
      propertyPath: m_LocalRotation.w
      value: 1
      objectReference: {fileID: 0}
    - target: {fileID: 2103360389736583982, guid: 208c8cfb22a384e239e192e73d8db774,
        type: 3}
      propertyPath: m_LocalRotation.x
      value: -0
      objectReference: {fileID: 0}
    - target: {fileID: 2103360389736583982, guid: 208c8cfb22a384e239e192e73d8db774,
        type: 3}
      propertyPath: m_LocalRotation.y
      value: -0
      objectReference: {fileID: 0}
    - target: {fileID: 2103360389736583982, guid: 208c8cfb22a384e239e192e73d8db774,
        type: 3}
      propertyPath: m_LocalRotation.z
      value: -0
      objectReference: {fileID: 0}
    - target: {fileID: 2103360389736583982, guid: 208c8cfb22a384e239e192e73d8db774,
        type: 3}
      propertyPath: m_LocalEulerAnglesHint.x
      value: 0
      objectReference: {fileID: 0}
    - target: {fileID: 2103360389736583982, guid: 208c8cfb22a384e239e192e73d8db774,
        type: 3}
      propertyPath: m_LocalEulerAnglesHint.y
      value: 0
      objectReference: {fileID: 0}
    - target: {fileID: 2103360389736583982, guid: 208c8cfb22a384e239e192e73d8db774,
        type: 3}
      propertyPath: m_LocalEulerAnglesHint.z
      value: 0
      objectReference: {fileID: 0}
    m_RemovedComponents: []
  m_SourcePrefab: {fileID: 100100000, guid: 208c8cfb22a384e239e192e73d8db774, type: 3}
--- !u!4 &6900294914176294113 stripped
Transform:
  m_CorrespondingSourceObject: {fileID: 2103360389736583982, guid: 208c8cfb22a384e239e192e73d8db774,
    type: 3}
  m_PrefabInstance: {fileID: 4824030898658332623}
  m_PrefabAsset: {fileID: 0}
--- !u!1001 &5359804384487002757
PrefabInstance:
  m_ObjectHideFlags: 0
  serializedVersion: 2
  m_Modification:
    m_TransformParent: {fileID: 6340420807700016113}
    m_Modifications:
    - target: {fileID: 2103360389736583981, guid: 208c8cfb22a384e239e192e73d8db774,
        type: 3}
      propertyPath: m_Name
      value: ItemPosition (1)
      objectReference: {fileID: 0}
    - target: {fileID: 2103360389736583982, guid: 208c8cfb22a384e239e192e73d8db774,
        type: 3}
      propertyPath: m_RootOrder
      value: 1
      objectReference: {fileID: 0}
    - target: {fileID: 2103360389736583982, guid: 208c8cfb22a384e239e192e73d8db774,
        type: 3}
      propertyPath: m_LocalPosition.x
      value: 0
      objectReference: {fileID: 0}
    - target: {fileID: 2103360389736583982, guid: 208c8cfb22a384e239e192e73d8db774,
        type: 3}
      propertyPath: m_LocalPosition.y
      value: 0
      objectReference: {fileID: 0}
    - target: {fileID: 2103360389736583982, guid: 208c8cfb22a384e239e192e73d8db774,
        type: 3}
      propertyPath: m_LocalPosition.z
      value: -10
      objectReference: {fileID: 0}
    - target: {fileID: 2103360389736583982, guid: 208c8cfb22a384e239e192e73d8db774,
        type: 3}
      propertyPath: m_LocalRotation.w
      value: 1
      objectReference: {fileID: 0}
    - target: {fileID: 2103360389736583982, guid: 208c8cfb22a384e239e192e73d8db774,
        type: 3}
      propertyPath: m_LocalRotation.x
      value: -0
      objectReference: {fileID: 0}
    - target: {fileID: 2103360389736583982, guid: 208c8cfb22a384e239e192e73d8db774,
        type: 3}
      propertyPath: m_LocalRotation.y
      value: -0
      objectReference: {fileID: 0}
    - target: {fileID: 2103360389736583982, guid: 208c8cfb22a384e239e192e73d8db774,
        type: 3}
      propertyPath: m_LocalRotation.z
      value: -0
      objectReference: {fileID: 0}
    - target: {fileID: 2103360389736583982, guid: 208c8cfb22a384e239e192e73d8db774,
        type: 3}
      propertyPath: m_LocalEulerAnglesHint.x
      value: 0
      objectReference: {fileID: 0}
    - target: {fileID: 2103360389736583982, guid: 208c8cfb22a384e239e192e73d8db774,
        type: 3}
      propertyPath: m_LocalEulerAnglesHint.y
      value: 0
      objectReference: {fileID: 0}
    - target: {fileID: 2103360389736583982, guid: 208c8cfb22a384e239e192e73d8db774,
        type: 3}
      propertyPath: m_LocalEulerAnglesHint.z
      value: 0
      objectReference: {fileID: 0}
    m_RemovedComponents: []
  m_SourcePrefab: {fileID: 100100000, guid: 208c8cfb22a384e239e192e73d8db774, type: 3}
--- !u!4 &6291944921126240683 stripped
Transform:
  m_CorrespondingSourceObject: {fileID: 2103360389736583982, guid: 208c8cfb22a384e239e192e73d8db774,
    type: 3}
  m_PrefabInstance: {fileID: 5359804384487002757}
  m_PrefabAsset: {fileID: 0}
--- !u!1001 &6028730792497826744
PrefabInstance:
  m_ObjectHideFlags: 0
  serializedVersion: 2
  m_Modification:
    m_TransformParent: {fileID: 490746288137954461}
    m_Modifications:
    - target: {fileID: 2103360389736583981, guid: 208c8cfb22a384e239e192e73d8db774,
        type: 3}
      propertyPath: m_Name
      value: ItemPosition (5)
      objectReference: {fileID: 0}
    - target: {fileID: 2103360389736583982, guid: 208c8cfb22a384e239e192e73d8db774,
        type: 3}
      propertyPath: m_RootOrder
      value: 5
      objectReference: {fileID: 0}
    - target: {fileID: 2103360389736583982, guid: 208c8cfb22a384e239e192e73d8db774,
        type: 3}
      propertyPath: m_LocalPosition.x
      value: 0
      objectReference: {fileID: 0}
    - target: {fileID: 2103360389736583982, guid: 208c8cfb22a384e239e192e73d8db774,
        type: 3}
      propertyPath: m_LocalPosition.y
      value: 0
      objectReference: {fileID: 0}
    - target: {fileID: 2103360389736583982, guid: 208c8cfb22a384e239e192e73d8db774,
        type: 3}
      propertyPath: m_LocalPosition.z
      value: 10
      objectReference: {fileID: 0}
    - target: {fileID: 2103360389736583982, guid: 208c8cfb22a384e239e192e73d8db774,
        type: 3}
      propertyPath: m_LocalRotation.w
      value: 1
      objectReference: {fileID: 0}
    - target: {fileID: 2103360389736583982, guid: 208c8cfb22a384e239e192e73d8db774,
        type: 3}
      propertyPath: m_LocalRotation.x
      value: -0
      objectReference: {fileID: 0}
    - target: {fileID: 2103360389736583982, guid: 208c8cfb22a384e239e192e73d8db774,
        type: 3}
      propertyPath: m_LocalRotation.y
      value: -0
      objectReference: {fileID: 0}
    - target: {fileID: 2103360389736583982, guid: 208c8cfb22a384e239e192e73d8db774,
        type: 3}
      propertyPath: m_LocalRotation.z
      value: -0
      objectReference: {fileID: 0}
    - target: {fileID: 2103360389736583982, guid: 208c8cfb22a384e239e192e73d8db774,
        type: 3}
      propertyPath: m_LocalEulerAnglesHint.x
      value: 0
      objectReference: {fileID: 0}
    - target: {fileID: 2103360389736583982, guid: 208c8cfb22a384e239e192e73d8db774,
        type: 3}
      propertyPath: m_LocalEulerAnglesHint.y
      value: 0
      objectReference: {fileID: 0}
    - target: {fileID: 2103360389736583982, guid: 208c8cfb22a384e239e192e73d8db774,
        type: 3}
      propertyPath: m_LocalEulerAnglesHint.z
      value: 0
      objectReference: {fileID: 0}
    m_RemovedComponents: []
  m_SourcePrefab: {fileID: 100100000, guid: 208c8cfb22a384e239e192e73d8db774, type: 3}
--- !u!4 &5664113911355054230 stripped
Transform:
  m_CorrespondingSourceObject: {fileID: 2103360389736583982, guid: 208c8cfb22a384e239e192e73d8db774,
    type: 3}
  m_PrefabInstance: {fileID: 6028730792497826744}
  m_PrefabAsset: {fileID: 0}
--- !u!1001 &6084770270667880392
PrefabInstance:
  m_ObjectHideFlags: 0
  serializedVersion: 2
  m_Modification:
    m_TransformParent: {fileID: 490746288137954461}
    m_Modifications:
    - target: {fileID: 2103360389736583981, guid: 208c8cfb22a384e239e192e73d8db774,
        type: 3}
      propertyPath: m_Name
      value: ItemPosition
      objectReference: {fileID: 0}
    - target: {fileID: 2103360389736583982, guid: 208c8cfb22a384e239e192e73d8db774,
        type: 3}
      propertyPath: m_RootOrder
      value: 0
      objectReference: {fileID: 0}
    - target: {fileID: 2103360389736583982, guid: 208c8cfb22a384e239e192e73d8db774,
        type: 3}
      propertyPath: m_LocalPosition.x
      value: 0
      objectReference: {fileID: 0}
    - target: {fileID: 2103360389736583982, guid: 208c8cfb22a384e239e192e73d8db774,
        type: 3}
      propertyPath: m_LocalPosition.y
      value: 0
      objectReference: {fileID: 0}
    - target: {fileID: 2103360389736583982, guid: 208c8cfb22a384e239e192e73d8db774,
        type: 3}
      propertyPath: m_LocalPosition.z
      value: -15
      objectReference: {fileID: 0}
    - target: {fileID: 2103360389736583982, guid: 208c8cfb22a384e239e192e73d8db774,
        type: 3}
      propertyPath: m_LocalRotation.w
      value: 1
      objectReference: {fileID: 0}
    - target: {fileID: 2103360389736583982, guid: 208c8cfb22a384e239e192e73d8db774,
        type: 3}
      propertyPath: m_LocalRotation.x
      value: -0
      objectReference: {fileID: 0}
    - target: {fileID: 2103360389736583982, guid: 208c8cfb22a384e239e192e73d8db774,
        type: 3}
      propertyPath: m_LocalRotation.y
      value: -0
      objectReference: {fileID: 0}
    - target: {fileID: 2103360389736583982, guid: 208c8cfb22a384e239e192e73d8db774,
        type: 3}
      propertyPath: m_LocalRotation.z
      value: -0
      objectReference: {fileID: 0}
    - target: {fileID: 2103360389736583982, guid: 208c8cfb22a384e239e192e73d8db774,
        type: 3}
      propertyPath: m_LocalEulerAnglesHint.x
      value: 0
      objectReference: {fileID: 0}
    - target: {fileID: 2103360389736583982, guid: 208c8cfb22a384e239e192e73d8db774,
        type: 3}
      propertyPath: m_LocalEulerAnglesHint.y
      value: 0
      objectReference: {fileID: 0}
    - target: {fileID: 2103360389736583982, guid: 208c8cfb22a384e239e192e73d8db774,
        type: 3}
      propertyPath: m_LocalEulerAnglesHint.z
      value: 0
      objectReference: {fileID: 0}
    m_RemovedComponents: []
  m_SourcePrefab: {fileID: 100100000, guid: 208c8cfb22a384e239e192e73d8db774, type: 3}
--- !u!1 &5278730534332425445 stripped
GameObject:
  m_CorrespondingSourceObject: {fileID: 2103360389736583981, guid: 208c8cfb22a384e239e192e73d8db774,
    type: 3}
  m_PrefabInstance: {fileID: 6084770270667880392}
  m_PrefabAsset: {fileID: 0}
--- !u!135 &4064521634310981356
SphereCollider:
  m_ObjectHideFlags: 0
  m_CorrespondingSourceObject: {fileID: 0}
  m_PrefabInstance: {fileID: 0}
  m_PrefabAsset: {fileID: 0}
  m_GameObject: {fileID: 5278730534332425445}
  m_Material: {fileID: 0}
  m_IsTrigger: 1
  m_Enabled: 1
  serializedVersion: 2
  m_Radius: 0.5
  m_Center: {x: 0, y: 0, z: 0}
--- !u!4 &5278730534332425446 stripped
Transform:
  m_CorrespondingSourceObject: {fileID: 2103360389736583982, guid: 208c8cfb22a384e239e192e73d8db774,
    type: 3}
  m_PrefabInstance: {fileID: 6084770270667880392}
  m_PrefabAsset: {fileID: 0}
--- !u!1001 &6251098079850588730
PrefabInstance:
  m_ObjectHideFlags: 0
  serializedVersion: 2
  m_Modification:
    m_TransformParent: {fileID: 864919021782905534}
    m_Modifications:
    - target: {fileID: 2103360389736583981, guid: 208c8cfb22a384e239e192e73d8db774,
        type: 3}
      propertyPath: m_Name
      value: ItemPosition (7)
      objectReference: {fileID: 0}
    - target: {fileID: 2103360389736583982, guid: 208c8cfb22a384e239e192e73d8db774,
        type: 3}
      propertyPath: m_RootOrder
      value: 1
      objectReference: {fileID: 0}
    - target: {fileID: 2103360389736583982, guid: 208c8cfb22a384e239e192e73d8db774,
        type: 3}
      propertyPath: m_LocalPosition.x
      value: 0
      objectReference: {fileID: 0}
    - target: {fileID: 2103360389736583982, guid: 208c8cfb22a384e239e192e73d8db774,
        type: 3}
      propertyPath: m_LocalPosition.y
      value: 0
      objectReference: {fileID: 0}
    - target: {fileID: 2103360389736583982, guid: 208c8cfb22a384e239e192e73d8db774,
        type: 3}
      propertyPath: m_LocalPosition.z
      value: 20
      objectReference: {fileID: 0}
    - target: {fileID: 2103360389736583982, guid: 208c8cfb22a384e239e192e73d8db774,
        type: 3}
      propertyPath: m_LocalRotation.w
      value: 1
      objectReference: {fileID: 0}
    - target: {fileID: 2103360389736583982, guid: 208c8cfb22a384e239e192e73d8db774,
        type: 3}
      propertyPath: m_LocalRotation.x
      value: -0
      objectReference: {fileID: 0}
    - target: {fileID: 2103360389736583982, guid: 208c8cfb22a384e239e192e73d8db774,
        type: 3}
      propertyPath: m_LocalRotation.y
      value: -0
      objectReference: {fileID: 0}
    - target: {fileID: 2103360389736583982, guid: 208c8cfb22a384e239e192e73d8db774,
        type: 3}
      propertyPath: m_LocalRotation.z
      value: -0
      objectReference: {fileID: 0}
    - target: {fileID: 2103360389736583982, guid: 208c8cfb22a384e239e192e73d8db774,
        type: 3}
      propertyPath: m_LocalEulerAnglesHint.x
      value: 0
      objectReference: {fileID: 0}
    - target: {fileID: 2103360389736583982, guid: 208c8cfb22a384e239e192e73d8db774,
        type: 3}
      propertyPath: m_LocalEulerAnglesHint.y
      value: 0
      objectReference: {fileID: 0}
    - target: {fileID: 2103360389736583982, guid: 208c8cfb22a384e239e192e73d8db774,
        type: 3}
      propertyPath: m_LocalEulerAnglesHint.z
      value: 0
      objectReference: {fileID: 0}
    m_RemovedComponents: []
  m_SourcePrefab: {fileID: 100100000, guid: 208c8cfb22a384e239e192e73d8db774, type: 3}
--- !u!4 &5472154696242084116 stripped
Transform:
  m_CorrespondingSourceObject: {fileID: 2103360389736583982, guid: 208c8cfb22a384e239e192e73d8db774,
    type: 3}
  m_PrefabInstance: {fileID: 6251098079850588730}
  m_PrefabAsset: {fileID: 0}
--- !u!1001 &7735606407970684402
PrefabInstance:
  m_ObjectHideFlags: 0
  serializedVersion: 2
  m_Modification:
    m_TransformParent: {fileID: 490746288137954461}
    m_Modifications:
    - target: {fileID: 2103360389736583981, guid: 208c8cfb22a384e239e192e73d8db774,
        type: 3}
      propertyPath: m_Name
      value: ItemPosition (9)
      objectReference: {fileID: 0}
    - target: {fileID: 2103360389736583982, guid: 208c8cfb22a384e239e192e73d8db774,
        type: 3}
      propertyPath: m_RootOrder
      value: 9
      objectReference: {fileID: 0}
    - target: {fileID: 2103360389736583982, guid: 208c8cfb22a384e239e192e73d8db774,
        type: 3}
      propertyPath: m_LocalPosition.x
      value: 0
      objectReference: {fileID: 0}
    - target: {fileID: 2103360389736583982, guid: 208c8cfb22a384e239e192e73d8db774,
        type: 3}
      propertyPath: m_LocalPosition.y
      value: 0
      objectReference: {fileID: 0}
    - target: {fileID: 2103360389736583982, guid: 208c8cfb22a384e239e192e73d8db774,
        type: 3}
      propertyPath: m_LocalPosition.z
      value: 30
      objectReference: {fileID: 0}
    - target: {fileID: 2103360389736583982, guid: 208c8cfb22a384e239e192e73d8db774,
        type: 3}
      propertyPath: m_LocalRotation.w
      value: 1
      objectReference: {fileID: 0}
    - target: {fileID: 2103360389736583982, guid: 208c8cfb22a384e239e192e73d8db774,
        type: 3}
      propertyPath: m_LocalRotation.x
      value: -0
      objectReference: {fileID: 0}
    - target: {fileID: 2103360389736583982, guid: 208c8cfb22a384e239e192e73d8db774,
        type: 3}
      propertyPath: m_LocalRotation.y
      value: -0
      objectReference: {fileID: 0}
    - target: {fileID: 2103360389736583982, guid: 208c8cfb22a384e239e192e73d8db774,
        type: 3}
      propertyPath: m_LocalRotation.z
      value: -0
      objectReference: {fileID: 0}
    - target: {fileID: 2103360389736583982, guid: 208c8cfb22a384e239e192e73d8db774,
        type: 3}
      propertyPath: m_LocalEulerAnglesHint.x
      value: 0
      objectReference: {fileID: 0}
    - target: {fileID: 2103360389736583982, guid: 208c8cfb22a384e239e192e73d8db774,
        type: 3}
      propertyPath: m_LocalEulerAnglesHint.y
      value: 0
      objectReference: {fileID: 0}
    - target: {fileID: 2103360389736583982, guid: 208c8cfb22a384e239e192e73d8db774,
        type: 3}
      propertyPath: m_LocalEulerAnglesHint.z
      value: 0
      objectReference: {fileID: 0}
    m_RemovedComponents: []
  m_SourcePrefab: {fileID: 100100000, guid: 208c8cfb22a384e239e192e73d8db774, type: 3}
--- !u!4 &8532850329404026588 stripped
Transform:
  m_CorrespondingSourceObject: {fileID: 2103360389736583982, guid: 208c8cfb22a384e239e192e73d8db774,
    type: 3}
  m_PrefabInstance: {fileID: 7735606407970684402}
  m_PrefabAsset: {fileID: 0}
--- !u!1001 &7962708867863792524
PrefabInstance:
  m_ObjectHideFlags: 0
  serializedVersion: 2
  m_Modification:
    m_TransformParent: {fileID: 6340420807700016113}
    m_Modifications:
    - target: {fileID: 2103360389736583981, guid: 208c8cfb22a384e239e192e73d8db774,
        type: 3}
      propertyPath: m_Name
      value: ItemPosition (3)
      objectReference: {fileID: 0}
    - target: {fileID: 2103360389736583982, guid: 208c8cfb22a384e239e192e73d8db774,
        type: 3}
      propertyPath: m_RootOrder
      value: 3
      objectReference: {fileID: 0}
    - target: {fileID: 2103360389736583982, guid: 208c8cfb22a384e239e192e73d8db774,
        type: 3}
      propertyPath: m_LocalPosition.x
      value: 0
      objectReference: {fileID: 0}
    - target: {fileID: 2103360389736583982, guid: 208c8cfb22a384e239e192e73d8db774,
        type: 3}
      propertyPath: m_LocalPosition.y
      value: 0
      objectReference: {fileID: 0}
    - target: {fileID: 2103360389736583982, guid: 208c8cfb22a384e239e192e73d8db774,
        type: 3}
      propertyPath: m_LocalPosition.z
      value: 0
      objectReference: {fileID: 0}
    - target: {fileID: 2103360389736583982, guid: 208c8cfb22a384e239e192e73d8db774,
        type: 3}
      propertyPath: m_LocalRotation.w
      value: 1
      objectReference: {fileID: 0}
    - target: {fileID: 2103360389736583982, guid: 208c8cfb22a384e239e192e73d8db774,
        type: 3}
      propertyPath: m_LocalRotation.x
      value: -0
      objectReference: {fileID: 0}
    - target: {fileID: 2103360389736583982, guid: 208c8cfb22a384e239e192e73d8db774,
        type: 3}
      propertyPath: m_LocalRotation.y
      value: -0
      objectReference: {fileID: 0}
    - target: {fileID: 2103360389736583982, guid: 208c8cfb22a384e239e192e73d8db774,
        type: 3}
      propertyPath: m_LocalRotation.z
      value: -0
      objectReference: {fileID: 0}
    - target: {fileID: 2103360389736583982, guid: 208c8cfb22a384e239e192e73d8db774,
        type: 3}
      propertyPath: m_LocalEulerAnglesHint.x
      value: 0
      objectReference: {fileID: 0}
    - target: {fileID: 2103360389736583982, guid: 208c8cfb22a384e239e192e73d8db774,
        type: 3}
      propertyPath: m_LocalEulerAnglesHint.y
      value: 0
      objectReference: {fileID: 0}
    - target: {fileID: 2103360389736583982, guid: 208c8cfb22a384e239e192e73d8db774,
        type: 3}
      propertyPath: m_LocalEulerAnglesHint.z
      value: 0
      objectReference: {fileID: 0}
    m_RemovedComponents: []
  m_SourcePrefab: {fileID: 100100000, guid: 208c8cfb22a384e239e192e73d8db774, type: 3}
--- !u!4 &8336614429676247202 stripped
Transform:
  m_CorrespondingSourceObject: {fileID: 2103360389736583982, guid: 208c8cfb22a384e239e192e73d8db774,
    type: 3}
  m_PrefabInstance: {fileID: 7962708867863792524}
  m_PrefabAsset: {fileID: 0}
--- !u!1001 &9005347899126835721
PrefabInstance:
  m_ObjectHideFlags: 0
  serializedVersion: 2
  m_Modification:
    m_TransformParent: {fileID: 490746288137954461}
    m_Modifications:
    - target: {fileID: 2103360389736583981, guid: 208c8cfb22a384e239e192e73d8db774,
        type: 3}
      propertyPath: m_Name
      value: ItemPosition (1)
      objectReference: {fileID: 0}
    - target: {fileID: 2103360389736583982, guid: 208c8cfb22a384e239e192e73d8db774,
        type: 3}
      propertyPath: m_RootOrder
      value: 1
      objectReference: {fileID: 0}
    - target: {fileID: 2103360389736583982, guid: 208c8cfb22a384e239e192e73d8db774,
        type: 3}
      propertyPath: m_LocalPosition.x
      value: 0
      objectReference: {fileID: 0}
    - target: {fileID: 2103360389736583982, guid: 208c8cfb22a384e239e192e73d8db774,
        type: 3}
      propertyPath: m_LocalPosition.y
      value: 0
      objectReference: {fileID: 0}
    - target: {fileID: 2103360389736583982, guid: 208c8cfb22a384e239e192e73d8db774,
        type: 3}
      propertyPath: m_LocalPosition.z
      value: -10
      objectReference: {fileID: 0}
    - target: {fileID: 2103360389736583982, guid: 208c8cfb22a384e239e192e73d8db774,
        type: 3}
      propertyPath: m_LocalRotation.w
      value: 1
      objectReference: {fileID: 0}
    - target: {fileID: 2103360389736583982, guid: 208c8cfb22a384e239e192e73d8db774,
        type: 3}
      propertyPath: m_LocalRotation.x
      value: -0
      objectReference: {fileID: 0}
    - target: {fileID: 2103360389736583982, guid: 208c8cfb22a384e239e192e73d8db774,
        type: 3}
      propertyPath: m_LocalRotation.y
      value: -0
      objectReference: {fileID: 0}
    - target: {fileID: 2103360389736583982, guid: 208c8cfb22a384e239e192e73d8db774,
        type: 3}
      propertyPath: m_LocalRotation.z
      value: -0
      objectReference: {fileID: 0}
    - target: {fileID: 2103360389736583982, guid: 208c8cfb22a384e239e192e73d8db774,
        type: 3}
      propertyPath: m_LocalEulerAnglesHint.x
      value: 0
      objectReference: {fileID: 0}
    - target: {fileID: 2103360389736583982, guid: 208c8cfb22a384e239e192e73d8db774,
        type: 3}
      propertyPath: m_LocalEulerAnglesHint.y
      value: 0
      objectReference: {fileID: 0}
    - target: {fileID: 2103360389736583982, guid: 208c8cfb22a384e239e192e73d8db774,
        type: 3}
      propertyPath: m_LocalEulerAnglesHint.z
      value: 0
      objectReference: {fileID: 0}
    m_RemovedComponents: []
  m_SourcePrefab: {fileID: 100100000, guid: 208c8cfb22a384e239e192e73d8db774, type: 3}
--- !u!4 &7046390771681048871 stripped
Transform:
  m_CorrespondingSourceObject: {fileID: 2103360389736583982, guid: 208c8cfb22a384e239e192e73d8db774,
    type: 3}
  m_PrefabInstance: {fileID: 9005347899126835721}
  m_PrefabAsset: {fileID: 0}
