%YAML 1.1
%TAG !u! tag:unity3d.com,2011:
--- !u!1 &593611511552449422
GameObject:
  m_ObjectHideFlags: 0
  m_CorrespondingSourceObject: {fileID: 0}
  m_PrefabInstance: {fileID: 0}
  m_PrefabAsset: {fileID: 0}
  serializedVersion: 6
  m_Component:
  - component: {fileID: 4904582795190588834}
  m_Layer: 0
  m_Name: ItemPoint4 (1)
  m_TagString: Untagged
  m_Icon: {fileID: 0}
  m_NavMeshLayer: 0
  m_StaticEditorFlags: 0
  m_IsActive: 1
--- !u!4 &4904582795190588834
Transform:
  m_ObjectHideFlags: 0
  m_CorrespondingSourceObject: {fileID: 0}
  m_PrefabInstance: {fileID: 0}
  m_PrefabAsset: {fileID: 0}
  m_GameObject: {fileID: 593611511552449422}
  m_LocalRotation: {x: -0, y: -0, z: -0, w: 1}
  m_LocalPosition: {x: 0, y: 0, z: 264.80002}
  m_LocalScale: {x: 1, y: 1, z: 1}
  m_ConstrainProportionsScale: 0
  m_Children:
  - {fileID: 8702813918512505517}
  - {fileID: 279404465779662344}
  m_Father: {fileID: 5274614142458969271}
  m_RootOrder: 0
  m_LocalEulerAnglesHint: {x: 0, y: 0, z: 0}
--- !u!1 &4938637284050023583
GameObject:
  m_ObjectHideFlags: 0
  m_CorrespondingSourceObject: {fileID: 0}
  m_PrefabInstance: {fileID: 0}
  m_PrefabAsset: {fileID: 0}
  serializedVersion: 6
  m_Component:
  - component: {fileID: 2300750570433973485}
  m_Layer: 0
  m_Name: ItemPoint4 (2)
  m_TagString: Untagged
  m_Icon: {fileID: 0}
  m_NavMeshLayer: 0
  m_StaticEditorFlags: 0
  m_IsActive: 1
--- !u!4 &2300750570433973485
Transform:
  m_ObjectHideFlags: 0
  m_CorrespondingSourceObject: {fileID: 0}
  m_PrefabInstance: {fileID: 0}
  m_PrefabAsset: {fileID: 0}
  m_GameObject: {fileID: 4938637284050023583}
  m_LocalRotation: {x: -0, y: -0, z: -0, w: 1}
  m_LocalPosition: {x: 0, y: 0, z: 365.2}
  m_LocalScale: {x: 1, y: 1, z: 1}
  m_ConstrainProportionsScale: 0
  m_Children:
  - {fileID: 5031588218778016615}
  m_Father: {fileID: 5274614142458969271}
  m_RootOrder: 2
  m_LocalEulerAnglesHint: {x: 0, y: 0, z: 0}
--- !u!1 &5274614142458969270
GameObject:
  m_ObjectHideFlags: 0
  m_CorrespondingSourceObject: {fileID: 0}
  m_PrefabInstance: {fileID: 0}
  m_PrefabAsset: {fileID: 0}
  serializedVersion: 6
  m_Component:
  - component: {fileID: 5274614142458969271}
  m_Layer: 0
  m_Name: ItemField (17)
  m_TagString: Untagged
  m_Icon: {fileID: 0}
  m_NavMeshLayer: 0
  m_StaticEditorFlags: 0
  m_IsActive: 1
--- !u!4 &5274614142458969271
Transform:
  m_ObjectHideFlags: 0
  m_CorrespondingSourceObject: {fileID: 0}
  m_PrefabInstance: {fileID: 0}
  m_PrefabAsset: {fileID: 0}
  m_GameObject: {fileID: 5274614142458969270}
  m_LocalRotation: {x: 0, y: 0, z: 0, w: 1}
  m_LocalPosition: {x: 0, y: 205.5, z: -231}
  m_LocalScale: {x: 1, y: 1, z: 1}
  m_ConstrainProportionsScale: 0
  m_Children:
  - {fileID: 4904582795190588834}
  - {fileID: 5683296935763968897}
  - {fileID: 2300750570433973485}
  m_Father: {fileID: 0}
  m_RootOrder: 0
  m_LocalEulerAnglesHint: {x: 0, y: 0, z: 0}
--- !u!1 &7381548582858968079
GameObject:
  m_ObjectHideFlags: 0
  m_CorrespondingSourceObject: {fileID: 0}
  m_PrefabInstance: {fileID: 0}
  m_PrefabAsset: {fileID: 0}
  serializedVersion: 6
  m_Component:
  - component: {fileID: 5683296935763968897}
  m_Layer: 0
  m_Name: ItemPoint3 (2)
  m_TagString: Untagged
  m_Icon: {fileID: 0}
  m_NavMeshLayer: 0
  m_StaticEditorFlags: 0
  m_IsActive: 1
--- !u!4 &5683296935763968897
Transform:
  m_ObjectHideFlags: 0
  m_CorrespondingSourceObject: {fileID: 0}
  m_PrefabInstance: {fileID: 0}
  m_PrefabAsset: {fileID: 0}
  m_GameObject: {fileID: 7381548582858968079}
  m_LocalRotation: {x: -0, y: -0, z: -0, w: 1}
  m_LocalPosition: {x: 0, y: 0, z: 305.2}
  m_LocalScale: {x: 1, y: 1, z: 1}
  m_ConstrainProportionsScale: 0
  m_Children:
  - {fileID: 95008965010555898}
  - {fileID: 3015604459451014715}
  - {fileID: 1716609229372226557}
  - {fileID: 8470082357869167194}
  - {fileID: 8847453331986350731}
  - {fileID: 471368066054258570}
  - {fileID: 6347931709781710402}
  - {fileID: 6792361174611951036}
  - {fileID: 8899509266282409187}
  - {fileID: 4502083950184319424}
  - {fileID: 4718289326306818765}
  - {fileID: 8504313815629992259}
  m_Father: {fileID: 5274614142458969271}
  m_RootOrder: 1
  m_LocalEulerAnglesHint: {x: 0, y: 0, z: 0}
--- !u!1001 &784257311593146579
PrefabInstance:
  m_ObjectHideFlags: 0
  serializedVersion: 2
  m_Modification:
    m_TransformParent: {fileID: 5683296935763968897}
    m_Modifications:
    - target: {fileID: 2103360389736583981, guid: 208c8cfb22a384e239e192e73d8db774,
        type: 3}
      propertyPath: m_Name
      value: ItemPosition (2)
      objectReference: {fileID: 0}
    - target: {fileID: 2103360389736583982, guid: 208c8cfb22a384e239e192e73d8db774,
        type: 3}
      propertyPath: m_RootOrder
      value: 2
      objectReference: {fileID: 0}
    - target: {fileID: 2103360389736583982, guid: 208c8cfb22a384e239e192e73d8db774,
        type: 3}
      propertyPath: m_LocalPosition.x
      value: 0
      objectReference: {fileID: 0}
    - target: {fileID: 2103360389736583982, guid: 208c8cfb22a384e239e192e73d8db774,
        type: 3}
      propertyPath: m_LocalPosition.y
      value: 0
      objectReference: {fileID: 0}
    - target: {fileID: 2103360389736583982, guid: 208c8cfb22a384e239e192e73d8db774,
        type: 3}
      propertyPath: m_LocalPosition.z
      value: -5
      objectReference: {fileID: 0}
    - target: {fileID: 2103360389736583982, guid: 208c8cfb22a384e239e192e73d8db774,
        type: 3}
      propertyPath: m_LocalRotation.w
      value: 1
      objectReference: {fileID: 0}
    - target: {fileID: 2103360389736583982, guid: 208c8cfb22a384e239e192e73d8db774,
        type: 3}
      propertyPath: m_LocalRotation.x
      value: -0
      objectReference: {fileID: 0}
    - target: {fileID: 2103360389736583982, guid: 208c8cfb22a384e239e192e73d8db774,
        type: 3}
      propertyPath: m_LocalRotation.y
      value: -0
      objectReference: {fileID: 0}
    - target: {fileID: 2103360389736583982, guid: 208c8cfb22a384e239e192e73d8db774,
        type: 3}
      propertyPath: m_LocalRotation.z
      value: -0
      objectReference: {fileID: 0}
    - target: {fileID: 2103360389736583982, guid: 208c8cfb22a384e239e192e73d8db774,
        type: 3}
      propertyPath: m_LocalEulerAnglesHint.x
      value: 0
      objectReference: {fileID: 0}
    - target: {fileID: 2103360389736583982, guid: 208c8cfb22a384e239e192e73d8db774,
        type: 3}
      propertyPath: m_LocalEulerAnglesHint.y
      value: 0
      objectReference: {fileID: 0}
    - target: {fileID: 2103360389736583982, guid: 208c8cfb22a384e239e192e73d8db774,
        type: 3}
      propertyPath: m_LocalEulerAnglesHint.z
      value: 0
      objectReference: {fileID: 0}
    m_RemovedComponents: []
  m_SourcePrefab: {fileID: 100100000, guid: 208c8cfb22a384e239e192e73d8db774, type: 3}
--- !u!4 &1716609229372226557 stripped
Transform:
  m_CorrespondingSourceObject: {fileID: 2103360389736583982, guid: 208c8cfb22a384e239e192e73d8db774,
    type: 3}
  m_PrefabInstance: {fileID: 784257311593146579}
  m_PrefabAsset: {fileID: 0}
--- !u!1001 &1997911460625263780
PrefabInstance:
  m_ObjectHideFlags: 0
  serializedVersion: 2
  m_Modification:
    m_TransformParent: {fileID: 5683296935763968897}
    m_Modifications:
    - target: {fileID: 2103360389736583981, guid: 208c8cfb22a384e239e192e73d8db774,
        type: 3}
      propertyPath: m_Name
      value: ItemPosition (5)
      objectReference: {fileID: 0}
    - target: {fileID: 2103360389736583982, guid: 208c8cfb22a384e239e192e73d8db774,
        type: 3}
      propertyPath: m_RootOrder
      value: 5
      objectReference: {fileID: 0}
    - target: {fileID: 2103360389736583982, guid: 208c8cfb22a384e239e192e73d8db774,
        type: 3}
      propertyPath: m_LocalPosition.x
      value: 0
      objectReference: {fileID: 0}
    - target: {fileID: 2103360389736583982, guid: 208c8cfb22a384e239e192e73d8db774,
        type: 3}
      propertyPath: m_LocalPosition.y
      value: 0
      objectReference: {fileID: 0}
    - target: {fileID: 2103360389736583982, guid: 208c8cfb22a384e239e192e73d8db774,
        type: 3}
      propertyPath: m_LocalPosition.z
      value: 10
      objectReference: {fileID: 0}
    - target: {fileID: 2103360389736583982, guid: 208c8cfb22a384e239e192e73d8db774,
        type: 3}
      propertyPath: m_LocalRotation.w
      value: 1
      objectReference: {fileID: 0}
    - target: {fileID: 2103360389736583982, guid: 208c8cfb22a384e239e192e73d8db774,
        type: 3}
      propertyPath: m_LocalRotation.x
      value: -0
      objectReference: {fileID: 0}
    - target: {fileID: 2103360389736583982, guid: 208c8cfb22a384e239e192e73d8db774,
        type: 3}
      propertyPath: m_LocalRotation.y
      value: -0
      objectReference: {fileID: 0}
    - target: {fileID: 2103360389736583982, guid: 208c8cfb22a384e239e192e73d8db774,
        type: 3}
      propertyPath: m_LocalRotation.z
      value: -0
      objectReference: {fileID: 0}
    - target: {fileID: 2103360389736583982, guid: 208c8cfb22a384e239e192e73d8db774,
        type: 3}
      propertyPath: m_LocalEulerAnglesHint.x
      value: 0
      objectReference: {fileID: 0}
    - target: {fileID: 2103360389736583982, guid: 208c8cfb22a384e239e192e73d8db774,
        type: 3}
      propertyPath: m_LocalEulerAnglesHint.y
      value: 0
      objectReference: {fileID: 0}
    - target: {fileID: 2103360389736583982, guid: 208c8cfb22a384e239e192e73d8db774,
        type: 3}
      propertyPath: m_LocalEulerAnglesHint.z
      value: 0
      objectReference: {fileID: 0}
    m_RemovedComponents: []
  m_SourcePrefab: {fileID: 100100000, guid: 208c8cfb22a384e239e192e73d8db774, type: 3}
--- !u!4 &471368066054258570 stripped
Transform:
  m_CorrespondingSourceObject: {fileID: 2103360389736583982, guid: 208c8cfb22a384e239e192e73d8db774,
    type: 3}
  m_PrefabInstance: {fileID: 1997911460625263780}
  m_PrefabAsset: {fileID: 0}
--- !u!1001 &2044960816264827092
PrefabInstance:
  m_ObjectHideFlags: 0
  serializedVersion: 2
  m_Modification:
    m_TransformParent: {fileID: 5683296935763968897}
    m_Modifications:
    - target: {fileID: 2103360389736583981, guid: 208c8cfb22a384e239e192e73d8db774,
        type: 3}
      propertyPath: m_Name
      value: ItemPosition
      objectReference: {fileID: 0}
    - target: {fileID: 2103360389736583982, guid: 208c8cfb22a384e239e192e73d8db774,
        type: 3}
      propertyPath: m_RootOrder
      value: 0
      objectReference: {fileID: 0}
    - target: {fileID: 2103360389736583982, guid: 208c8cfb22a384e239e192e73d8db774,
        type: 3}
      propertyPath: m_LocalPosition.x
      value: 0
      objectReference: {fileID: 0}
    - target: {fileID: 2103360389736583982, guid: 208c8cfb22a384e239e192e73d8db774,
        type: 3}
      propertyPath: m_LocalPosition.y
      value: 0
      objectReference: {fileID: 0}
    - target: {fileID: 2103360389736583982, guid: 208c8cfb22a384e239e192e73d8db774,
        type: 3}
      propertyPath: m_LocalPosition.z
      value: -15
      objectReference: {fileID: 0}
    - target: {fileID: 2103360389736583982, guid: 208c8cfb22a384e239e192e73d8db774,
        type: 3}
      propertyPath: m_LocalRotation.w
      value: 1
      objectReference: {fileID: 0}
    - target: {fileID: 2103360389736583982, guid: 208c8cfb22a384e239e192e73d8db774,
        type: 3}
      propertyPath: m_LocalRotation.x
      value: -0
      objectReference: {fileID: 0}
    - target: {fileID: 2103360389736583982, guid: 208c8cfb22a384e239e192e73d8db774,
        type: 3}
      propertyPath: m_LocalRotation.y
      value: -0
      objectReference: {fileID: 0}
    - target: {fileID: 2103360389736583982, guid: 208c8cfb22a384e239e192e73d8db774,
        type: 3}
      propertyPath: m_LocalRotation.z
      value: -0
      objectReference: {fileID: 0}
    - target: {fileID: 2103360389736583982, guid: 208c8cfb22a384e239e192e73d8db774,
        type: 3}
      propertyPath: m_LocalEulerAnglesHint.x
      value: 0
      objectReference: {fileID: 0}
    - target: {fileID: 2103360389736583982, guid: 208c8cfb22a384e239e192e73d8db774,
        type: 3}
      propertyPath: m_LocalEulerAnglesHint.y
      value: 0
      objectReference: {fileID: 0}
    - target: {fileID: 2103360389736583982, guid: 208c8cfb22a384e239e192e73d8db774,
        type: 3}
      propertyPath: m_LocalEulerAnglesHint.z
      value: 0
      objectReference: {fileID: 0}
    m_RemovedComponents: []
  m_SourcePrefab: {fileID: 100100000, guid: 208c8cfb22a384e239e192e73d8db774, type: 3}
--- !u!1 &95008965010555897 stripped
GameObject:
  m_CorrespondingSourceObject: {fileID: 2103360389736583981, guid: 208c8cfb22a384e239e192e73d8db774,
    type: 3}
  m_PrefabInstance: {fileID: 2044960816264827092}
  m_PrefabAsset: {fileID: 0}
--- !u!135 &8104315154318352880
SphereCollider:
  m_ObjectHideFlags: 0
  m_CorrespondingSourceObject: {fileID: 0}
  m_PrefabInstance: {fileID: 0}
  m_PrefabAsset: {fileID: 0}
  m_GameObject: {fileID: 95008965010555897}
  m_Material: {fileID: 0}
  m_IsTrigger: 1
  m_Enabled: 1
  serializedVersion: 2
  m_Radius: 0.5
  m_Center: {x: 0, y: 0, z: 0}
--- !u!4 &95008965010555898 stripped
Transform:
  m_CorrespondingSourceObject: {fileID: 2103360389736583982, guid: 208c8cfb22a384e239e192e73d8db774,
    type: 3}
  m_PrefabInstance: {fileID: 2044960816264827092}
  m_PrefabAsset: {fileID: 0}
--- !u!1001 &2220283141729553702
PrefabInstance:
  m_ObjectHideFlags: 0
  serializedVersion: 2
  m_Modification:
    m_TransformParent: {fileID: 4904582795190588834}
    m_Modifications:
    - target: {fileID: 2103360389736583981, guid: 208c8cfb22a384e239e192e73d8db774,
        type: 3}
      propertyPath: m_Name
      value: ItemPosition (7)
      objectReference: {fileID: 0}
    - target: {fileID: 2103360389736583982, guid: 208c8cfb22a384e239e192e73d8db774,
        type: 3}
      propertyPath: m_RootOrder
      value: 1
      objectReference: {fileID: 0}
    - target: {fileID: 2103360389736583982, guid: 208c8cfb22a384e239e192e73d8db774,
        type: 3}
      propertyPath: m_LocalPosition.x
      value: 0
      objectReference: {fileID: 0}
    - target: {fileID: 2103360389736583982, guid: 208c8cfb22a384e239e192e73d8db774,
        type: 3}
      propertyPath: m_LocalPosition.y
      value: 0
      objectReference: {fileID: 0}
    - target: {fileID: 2103360389736583982, guid: 208c8cfb22a384e239e192e73d8db774,
        type: 3}
      propertyPath: m_LocalPosition.z
      value: 20
      objectReference: {fileID: 0}
    - target: {fileID: 2103360389736583982, guid: 208c8cfb22a384e239e192e73d8db774,
        type: 3}
      propertyPath: m_LocalRotation.w
      value: 1
      objectReference: {fileID: 0}
    - target: {fileID: 2103360389736583982, guid: 208c8cfb22a384e239e192e73d8db774,
        type: 3}
      propertyPath: m_LocalRotation.x
      value: -0
      objectReference: {fileID: 0}
    - target: {fileID: 2103360389736583982, guid: 208c8cfb22a384e239e192e73d8db774,
        type: 3}
      propertyPath: m_LocalRotation.y
      value: -0
      objectReference: {fileID: 0}
    - target: {fileID: 2103360389736583982, guid: 208c8cfb22a384e239e192e73d8db774,
        type: 3}
      propertyPath: m_LocalRotation.z
      value: -0
      objectReference: {fileID: 0}
    - target: {fileID: 2103360389736583982, guid: 208c8cfb22a384e239e192e73d8db774,
        type: 3}
      propertyPath: m_LocalEulerAnglesHint.x
      value: 0
      objectReference: {fileID: 0}
    - target: {fileID: 2103360389736583982, guid: 208c8cfb22a384e239e192e73d8db774,
        type: 3}
      propertyPath: m_LocalEulerAnglesHint.y
      value: 0
      objectReference: {fileID: 0}
    - target: {fileID: 2103360389736583982, guid: 208c8cfb22a384e239e192e73d8db774,
        type: 3}
      propertyPath: m_LocalEulerAnglesHint.z
      value: 0
      objectReference: {fileID: 0}
    m_RemovedComponents: []
  m_SourcePrefab: {fileID: 100100000, guid: 208c8cfb22a384e239e192e73d8db774, type: 3}
--- !u!4 &279404465779662344 stripped
Transform:
  m_CorrespondingSourceObject: {fileID: 2103360389736583982, guid: 208c8cfb22a384e239e192e73d8db774,
    type: 3}
  m_PrefabInstance: {fileID: 2220283141729553702}
  m_PrefabAsset: {fileID: 0}
--- !u!1001 &2542913515322677998
PrefabInstance:
  m_ObjectHideFlags: 0
  serializedVersion: 2
  m_Modification:
    m_TransformParent: {fileID: 5683296935763968897}
    m_Modifications:
    - target: {fileID: 2103360389736583981, guid: 208c8cfb22a384e239e192e73d8db774,
        type: 3}
      propertyPath: m_Name
      value: ItemPosition (9)
      objectReference: {fileID: 0}
    - target: {fileID: 2103360389736583982, guid: 208c8cfb22a384e239e192e73d8db774,
        type: 3}
      propertyPath: m_RootOrder
      value: 9
      objectReference: {fileID: 0}
    - target: {fileID: 2103360389736583982, guid: 208c8cfb22a384e239e192e73d8db774,
        type: 3}
      propertyPath: m_LocalPosition.x
      value: 0
      objectReference: {fileID: 0}
    - target: {fileID: 2103360389736583982, guid: 208c8cfb22a384e239e192e73d8db774,
        type: 3}
      propertyPath: m_LocalPosition.y
      value: 0
      objectReference: {fileID: 0}
    - target: {fileID: 2103360389736583982, guid: 208c8cfb22a384e239e192e73d8db774,
        type: 3}
      propertyPath: m_LocalPosition.z
      value: 30
      objectReference: {fileID: 0}
    - target: {fileID: 2103360389736583982, guid: 208c8cfb22a384e239e192e73d8db774,
        type: 3}
      propertyPath: m_LocalRotation.w
      value: 1
      objectReference: {fileID: 0}
    - target: {fileID: 2103360389736583982, guid: 208c8cfb22a384e239e192e73d8db774,
        type: 3}
      propertyPath: m_LocalRotation.x
      value: -0
      objectReference: {fileID: 0}
    - target: {fileID: 2103360389736583982, guid: 208c8cfb22a384e239e192e73d8db774,
        type: 3}
      propertyPath: m_LocalRotation.y
      value: -0
      objectReference: {fileID: 0}
    - target: {fileID: 2103360389736583982, guid: 208c8cfb22a384e239e192e73d8db774,
        type: 3}
      propertyPath: m_LocalRotation.z
      value: -0
      objectReference: {fileID: 0}
    - target: {fileID: 2103360389736583982, guid: 208c8cfb22a384e239e192e73d8db774,
        type: 3}
      propertyPath: m_LocalEulerAnglesHint.x
      value: 0
      objectReference: {fileID: 0}
    - target: {fileID: 2103360389736583982, guid: 208c8cfb22a384e239e192e73d8db774,
        type: 3}
      propertyPath: m_LocalEulerAnglesHint.y
      value: 0
      objectReference: {fileID: 0}
    - target: {fileID: 2103360389736583982, guid: 208c8cfb22a384e239e192e73d8db774,
        type: 3}
      propertyPath: m_LocalEulerAnglesHint.z
      value: 0
      objectReference: {fileID: 0}
    m_RemovedComponents: []
  m_SourcePrefab: {fileID: 100100000, guid: 208c8cfb22a384e239e192e73d8db774, type: 3}
--- !u!4 &4502083950184319424 stripped
Transform:
  m_CorrespondingSourceObject: {fileID: 2103360389736583982, guid: 208c8cfb22a384e239e192e73d8db774,
    type: 3}
  m_PrefabInstance: {fileID: 2542913515322677998}
  m_PrefabAsset: {fileID: 0}
--- !u!1001 &3812639471515012373
PrefabInstance:
  m_ObjectHideFlags: 0
  serializedVersion: 2
  m_Modification:
    m_TransformParent: {fileID: 5683296935763968897}
    m_Modifications:
    - target: {fileID: 2103360389736583981, guid: 208c8cfb22a384e239e192e73d8db774,
        type: 3}
      propertyPath: m_Name
      value: ItemPosition (1)
      objectReference: {fileID: 0}
    - target: {fileID: 2103360389736583982, guid: 208c8cfb22a384e239e192e73d8db774,
        type: 3}
      propertyPath: m_RootOrder
      value: 1
      objectReference: {fileID: 0}
    - target: {fileID: 2103360389736583982, guid: 208c8cfb22a384e239e192e73d8db774,
        type: 3}
      propertyPath: m_LocalPosition.x
      value: 0
      objectReference: {fileID: 0}
    - target: {fileID: 2103360389736583982, guid: 208c8cfb22a384e239e192e73d8db774,
        type: 3}
      propertyPath: m_LocalPosition.y
      value: 0
      objectReference: {fileID: 0}
    - target: {fileID: 2103360389736583982, guid: 208c8cfb22a384e239e192e73d8db774,
        type: 3}
      propertyPath: m_LocalPosition.z
      value: -10
      objectReference: {fileID: 0}
    - target: {fileID: 2103360389736583982, guid: 208c8cfb22a384e239e192e73d8db774,
        type: 3}
      propertyPath: m_LocalRotation.w
      value: 1
      objectReference: {fileID: 0}
    - target: {fileID: 2103360389736583982, guid: 208c8cfb22a384e239e192e73d8db774,
        type: 3}
      propertyPath: m_LocalRotation.x
      value: -0
      objectReference: {fileID: 0}
    - target: {fileID: 2103360389736583982, guid: 208c8cfb22a384e239e192e73d8db774,
        type: 3}
      propertyPath: m_LocalRotation.y
      value: -0
      objectReference: {fileID: 0}
    - target: {fileID: 2103360389736583982, guid: 208c8cfb22a384e239e192e73d8db774,
        type: 3}
      propertyPath: m_LocalRotation.z
      value: -0
      objectReference: {fileID: 0}
    - target: {fileID: 2103360389736583982, guid: 208c8cfb22a384e239e192e73d8db774,
        type: 3}
      propertyPath: m_LocalEulerAnglesHint.x
      value: 0
      objectReference: {fileID: 0}
    - target: {fileID: 2103360389736583982, guid: 208c8cfb22a384e239e192e73d8db774,
        type: 3}
      propertyPath: m_LocalEulerAnglesHint.y
      value: 0
      objectReference: {fileID: 0}
    - target: {fileID: 2103360389736583982, guid: 208c8cfb22a384e239e192e73d8db774,
        type: 3}
      propertyPath: m_LocalEulerAnglesHint.z
      value: 0
      objectReference: {fileID: 0}
    m_RemovedComponents: []
  m_SourcePrefab: {fileID: 100100000, guid: 208c8cfb22a384e239e192e73d8db774, type: 3}
--- !u!4 &3015604459451014715 stripped
Transform:
  m_CorrespondingSourceObject: {fileID: 2103360389736583982, guid: 208c8cfb22a384e239e192e73d8db774,
    type: 3}
  m_PrefabInstance: {fileID: 3812639471515012373}
  m_PrefabAsset: {fileID: 0}
--- !u!1001 &4860496297121427090
PrefabInstance:
  m_ObjectHideFlags: 0
  serializedVersion: 2
  m_Modification:
    m_TransformParent: {fileID: 5683296935763968897}
    m_Modifications:
    - target: {fileID: 2103360389736583981, guid: 208c8cfb22a384e239e192e73d8db774,
        type: 3}
      propertyPath: m_Name
      value: ItemPosition (7)
      objectReference: {fileID: 0}
    - target: {fileID: 2103360389736583982, guid: 208c8cfb22a384e239e192e73d8db774,
        type: 3}
      propertyPath: m_RootOrder
      value: 7
      objectReference: {fileID: 0}
    - target: {fileID: 2103360389736583982, guid: 208c8cfb22a384e239e192e73d8db774,
        type: 3}
      propertyPath: m_LocalPosition.x
      value: 0
      objectReference: {fileID: 0}
    - target: {fileID: 2103360389736583982, guid: 208c8cfb22a384e239e192e73d8db774,
        type: 3}
      propertyPath: m_LocalPosition.y
      value: 0
      objectReference: {fileID: 0}
    - target: {fileID: 2103360389736583982, guid: 208c8cfb22a384e239e192e73d8db774,
        type: 3}
      propertyPath: m_LocalPosition.z
      value: 20
      objectReference: {fileID: 0}
    - target: {fileID: 2103360389736583982, guid: 208c8cfb22a384e239e192e73d8db774,
        type: 3}
      propertyPath: m_LocalRotation.w
      value: 1
      objectReference: {fileID: 0}
    - target: {fileID: 2103360389736583982, guid: 208c8cfb22a384e239e192e73d8db774,
        type: 3}
      propertyPath: m_LocalRotation.x
      value: -0
      objectReference: {fileID: 0}
    - target: {fileID: 2103360389736583982, guid: 208c8cfb22a384e239e192e73d8db774,
        type: 3}
      propertyPath: m_LocalRotation.y
      value: -0
      objectReference: {fileID: 0}
    - target: {fileID: 2103360389736583982, guid: 208c8cfb22a384e239e192e73d8db774,
        type: 3}
      propertyPath: m_LocalRotation.z
      value: -0
      objectReference: {fileID: 0}
    - target: {fileID: 2103360389736583982, guid: 208c8cfb22a384e239e192e73d8db774,
        type: 3}
      propertyPath: m_LocalEulerAnglesHint.x
      value: 0
      objectReference: {fileID: 0}
    - target: {fileID: 2103360389736583982, guid: 208c8cfb22a384e239e192e73d8db774,
        type: 3}
      propertyPath: m_LocalEulerAnglesHint.y
      value: 0
      objectReference: {fileID: 0}
    - target: {fileID: 2103360389736583982, guid: 208c8cfb22a384e239e192e73d8db774,
        type: 3}
      propertyPath: m_LocalEulerAnglesHint.z
      value: 0
      objectReference: {fileID: 0}
    m_RemovedComponents: []
  m_SourcePrefab: {fileID: 100100000, guid: 208c8cfb22a384e239e192e73d8db774, type: 3}
--- !u!4 &6792361174611951036 stripped
Transform:
  m_CorrespondingSourceObject: {fileID: 2103360389736583982, guid: 208c8cfb22a384e239e192e73d8db774,
    type: 3}
  m_PrefabInstance: {fileID: 4860496297121427090}
  m_PrefabAsset: {fileID: 0}
--- !u!1001 &4983445608885536108
PrefabInstance:
  m_ObjectHideFlags: 0
  serializedVersion: 2
  m_Modification:
    m_TransformParent: {fileID: 5683296935763968897}
    m_Modifications:
    - target: {fileID: 2103360389736583981, guid: 208c8cfb22a384e239e192e73d8db774,
        type: 3}
      propertyPath: m_Name
      value: ItemPosition (6)
      objectReference: {fileID: 0}
    - target: {fileID: 2103360389736583982, guid: 208c8cfb22a384e239e192e73d8db774,
        type: 3}
      propertyPath: m_RootOrder
      value: 6
      objectReference: {fileID: 0}
    - target: {fileID: 2103360389736583982, guid: 208c8cfb22a384e239e192e73d8db774,
        type: 3}
      propertyPath: m_LocalPosition.x
      value: 0
      objectReference: {fileID: 0}
    - target: {fileID: 2103360389736583982, guid: 208c8cfb22a384e239e192e73d8db774,
        type: 3}
      propertyPath: m_LocalPosition.y
      value: 0
      objectReference: {fileID: 0}
    - target: {fileID: 2103360389736583982, guid: 208c8cfb22a384e239e192e73d8db774,
        type: 3}
      propertyPath: m_LocalPosition.z
      value: 15
      objectReference: {fileID: 0}
    - target: {fileID: 2103360389736583982, guid: 208c8cfb22a384e239e192e73d8db774,
        type: 3}
      propertyPath: m_LocalRotation.w
      value: 1
      objectReference: {fileID: 0}
    - target: {fileID: 2103360389736583982, guid: 208c8cfb22a384e239e192e73d8db774,
        type: 3}
      propertyPath: m_LocalRotation.x
      value: -0
      objectReference: {fileID: 0}
    - target: {fileID: 2103360389736583982, guid: 208c8cfb22a384e239e192e73d8db774,
        type: 3}
      propertyPath: m_LocalRotation.y
      value: -0
      objectReference: {fileID: 0}
    - target: {fileID: 2103360389736583982, guid: 208c8cfb22a384e239e192e73d8db774,
        type: 3}
      propertyPath: m_LocalRotation.z
      value: -0
      objectReference: {fileID: 0}
    - target: {fileID: 2103360389736583982, guid: 208c8cfb22a384e239e192e73d8db774,
        type: 3}
      propertyPath: m_LocalEulerAnglesHint.x
      value: 0
      objectReference: {fileID: 0}
    - target: {fileID: 2103360389736583982, guid: 208c8cfb22a384e239e192e73d8db774,
        type: 3}
      propertyPath: m_LocalEulerAnglesHint.y
      value: 0
      objectReference: {fileID: 0}
    - target: {fileID: 2103360389736583982, guid: 208c8cfb22a384e239e192e73d8db774,
        type: 3}
      propertyPath: m_LocalEulerAnglesHint.z
      value: 0
      objectReference: {fileID: 0}
    m_RemovedComponents: []
  m_SourcePrefab: {fileID: 100100000, guid: 208c8cfb22a384e239e192e73d8db774, type: 3}
--- !u!4 &6347931709781710402 stripped
Transform:
  m_CorrespondingSourceObject: {fileID: 2103360389736583982, guid: 208c8cfb22a384e239e192e73d8db774,
    type: 3}
  m_PrefabInstance: {fileID: 4983445608885536108}
  m_PrefabAsset: {fileID: 0}
--- !u!1001 &6405079587258992713
PrefabInstance:
  m_ObjectHideFlags: 0
  serializedVersion: 2
  m_Modification:
    m_TransformParent: {fileID: 2300750570433973485}
    m_Modifications:
    - target: {fileID: 2103360389736583981, guid: 208c8cfb22a384e239e192e73d8db774,
        type: 3}
      propertyPath: m_Name
      value: ItemPosition
      objectReference: {fileID: 0}
    - target: {fileID: 2103360389736583982, guid: 208c8cfb22a384e239e192e73d8db774,
        type: 3}
      propertyPath: m_RootOrder
      value: 0
      objectReference: {fileID: 0}
    - target: {fileID: 2103360389736583982, guid: 208c8cfb22a384e239e192e73d8db774,
        type: 3}
      propertyPath: m_LocalPosition.x
      value: 0
      objectReference: {fileID: 0}
    - target: {fileID: 2103360389736583982, guid: 208c8cfb22a384e239e192e73d8db774,
        type: 3}
      propertyPath: m_LocalPosition.y
      value: 0
      objectReference: {fileID: 0}
    - target: {fileID: 2103360389736583982, guid: 208c8cfb22a384e239e192e73d8db774,
        type: 3}
      propertyPath: m_LocalPosition.z
      value: -15
      objectReference: {fileID: 0}
    - target: {fileID: 2103360389736583982, guid: 208c8cfb22a384e239e192e73d8db774,
        type: 3}
      propertyPath: m_LocalRotation.w
      value: 1
      objectReference: {fileID: 0}
    - target: {fileID: 2103360389736583982, guid: 208c8cfb22a384e239e192e73d8db774,
        type: 3}
      propertyPath: m_LocalRotation.x
      value: -0
      objectReference: {fileID: 0}
    - target: {fileID: 2103360389736583982, guid: 208c8cfb22a384e239e192e73d8db774,
        type: 3}
      propertyPath: m_LocalRotation.y
      value: -0
      objectReference: {fileID: 0}
    - target: {fileID: 2103360389736583982, guid: 208c8cfb22a384e239e192e73d8db774,
        type: 3}
      propertyPath: m_LocalRotation.z
      value: -0
      objectReference: {fileID: 0}
    - target: {fileID: 2103360389736583982, guid: 208c8cfb22a384e239e192e73d8db774,
        type: 3}
      propertyPath: m_LocalEulerAnglesHint.x
      value: 0
      objectReference: {fileID: 0}
    - target: {fileID: 2103360389736583982, guid: 208c8cfb22a384e239e192e73d8db774,
        type: 3}
      propertyPath: m_LocalEulerAnglesHint.y
      value: 0
      objectReference: {fileID: 0}
    - target: {fileID: 2103360389736583982, guid: 208c8cfb22a384e239e192e73d8db774,
        type: 3}
      propertyPath: m_LocalEulerAnglesHint.z
      value: 0
      objectReference: {fileID: 0}
    m_RemovedComponents: []
  m_SourcePrefab: {fileID: 100100000, guid: 208c8cfb22a384e239e192e73d8db774, type: 3}
--- !u!1 &5031588218778016612 stripped
GameObject:
  m_CorrespondingSourceObject: {fileID: 2103360389736583981, guid: 208c8cfb22a384e239e192e73d8db774,
    type: 3}
  m_PrefabInstance: {fileID: 6405079587258992713}
  m_PrefabAsset: {fileID: 0}
--- !u!135 &642772020424301828
SphereCollider:
  m_ObjectHideFlags: 0
  m_CorrespondingSourceObject: {fileID: 0}
  m_PrefabInstance: {fileID: 0}
  m_PrefabAsset: {fileID: 0}
  m_GameObject: {fileID: 5031588218778016612}
  m_Material: {fileID: 0}
  m_IsTrigger: 1
  m_Enabled: 1
  serializedVersion: 2
  m_Radius: 0.5
  m_Center: {x: 0, y: 0, z: 0}
--- !u!4 &5031588218778016615 stripped
Transform:
  m_CorrespondingSourceObject: {fileID: 2103360389736583982, guid: 208c8cfb22a384e239e192e73d8db774,
    type: 3}
  m_PrefabInstance: {fileID: 6405079587258992713}
  m_PrefabAsset: {fileID: 0}
--- !u!1001 &6650154212387236323
PrefabInstance:
  m_ObjectHideFlags: 0
  serializedVersion: 2
  m_Modification:
    m_TransformParent: {fileID: 5683296935763968897}
    m_Modifications:
    - target: {fileID: 2103360389736583981, guid: 208c8cfb22a384e239e192e73d8db774,
        type: 3}
      propertyPath: m_Name
      value: ItemPosition (10)
      objectReference: {fileID: 0}
    - target: {fileID: 2103360389736583982, guid: 208c8cfb22a384e239e192e73d8db774,
        type: 3}
      propertyPath: m_RootOrder
      value: 10
      objectReference: {fileID: 0}
    - target: {fileID: 2103360389736583982, guid: 208c8cfb22a384e239e192e73d8db774,
        type: 3}
      propertyPath: m_LocalPosition.x
      value: 0
      objectReference: {fileID: 0}
    - target: {fileID: 2103360389736583982, guid: 208c8cfb22a384e239e192e73d8db774,
        type: 3}
      propertyPath: m_LocalPosition.y
      value: 0
      objectReference: {fileID: 0}
    - target: {fileID: 2103360389736583982, guid: 208c8cfb22a384e239e192e73d8db774,
        type: 3}
      propertyPath: m_LocalPosition.z
      value: 35
      objectReference: {fileID: 0}
    - target: {fileID: 2103360389736583982, guid: 208c8cfb22a384e239e192e73d8db774,
        type: 3}
      propertyPath: m_LocalRotation.w
      value: 1
      objectReference: {fileID: 0}
    - target: {fileID: 2103360389736583982, guid: 208c8cfb22a384e239e192e73d8db774,
        type: 3}
      propertyPath: m_LocalRotation.x
      value: -0
      objectReference: {fileID: 0}
    - target: {fileID: 2103360389736583982, guid: 208c8cfb22a384e239e192e73d8db774,
        type: 3}
      propertyPath: m_LocalRotation.y
      value: -0
      objectReference: {fileID: 0}
    - target: {fileID: 2103360389736583982, guid: 208c8cfb22a384e239e192e73d8db774,
        type: 3}
      propertyPath: m_LocalRotation.z
      value: -0
      objectReference: {fileID: 0}
    - target: {fileID: 2103360389736583982, guid: 208c8cfb22a384e239e192e73d8db774,
        type: 3}
      propertyPath: m_LocalEulerAnglesHint.x
      value: 0
      objectReference: {fileID: 0}
    - target: {fileID: 2103360389736583982, guid: 208c8cfb22a384e239e192e73d8db774,
        type: 3}
      propertyPath: m_LocalEulerAnglesHint.y
      value: 0
      objectReference: {fileID: 0}
    - target: {fileID: 2103360389736583982, guid: 208c8cfb22a384e239e192e73d8db774,
        type: 3}
      propertyPath: m_LocalEulerAnglesHint.z
      value: 0
      objectReference: {fileID: 0}
    m_RemovedComponents: []
  m_SourcePrefab: {fileID: 100100000, guid: 208c8cfb22a384e239e192e73d8db774, type: 3}
--- !u!4 &4718289326306818765 stripped
Transform:
  m_CorrespondingSourceObject: {fileID: 2103360389736583982, guid: 208c8cfb22a384e239e192e73d8db774,
    type: 3}
  m_PrefabInstance: {fileID: 6650154212387236323}
  m_PrefabAsset: {fileID: 0}
--- !u!1001 &7347121446422000003
PrefabInstance:
  m_ObjectHideFlags: 0
  serializedVersion: 2
  m_Modification:
    m_TransformParent: {fileID: 4904582795190588834}
    m_Modifications:
    - target: {fileID: 2103360389736583981, guid: 208c8cfb22a384e239e192e73d8db774,
        type: 3}
      propertyPath: m_Name
      value: ItemPosition (6)
      objectReference: {fileID: 0}
    - target: {fileID: 2103360389736583982, guid: 208c8cfb22a384e239e192e73d8db774,
        type: 3}
      propertyPath: m_RootOrder
      value: 0
      objectReference: {fileID: 0}
    - target: {fileID: 2103360389736583982, guid: 208c8cfb22a384e239e192e73d8db774,
        type: 3}
      propertyPath: m_LocalPosition.x
      value: 0
      objectReference: {fileID: 0}
    - target: {fileID: 2103360389736583982, guid: 208c8cfb22a384e239e192e73d8db774,
        type: 3}
      propertyPath: m_LocalPosition.y
      value: 0
      objectReference: {fileID: 0}
    - target: {fileID: 2103360389736583982, guid: 208c8cfb22a384e239e192e73d8db774,
        type: 3}
      propertyPath: m_LocalPosition.z
      value: 15
      objectReference: {fileID: 0}
    - target: {fileID: 2103360389736583982, guid: 208c8cfb22a384e239e192e73d8db774,
        type: 3}
      propertyPath: m_LocalRotation.w
      value: 1
      objectReference: {fileID: 0}
    - target: {fileID: 2103360389736583982, guid: 208c8cfb22a384e239e192e73d8db774,
        type: 3}
      propertyPath: m_LocalRotation.x
      value: -0
      objectReference: {fileID: 0}
    - target: {fileID: 2103360389736583982, guid: 208c8cfb22a384e239e192e73d8db774,
        type: 3}
      propertyPath: m_LocalRotation.y
      value: -0
      objectReference: {fileID: 0}
    - target: {fileID: 2103360389736583982, guid: 208c8cfb22a384e239e192e73d8db774,
        type: 3}
      propertyPath: m_LocalRotation.z
      value: -0
      objectReference: {fileID: 0}
    - target: {fileID: 2103360389736583982, guid: 208c8cfb22a384e239e192e73d8db774,
        type: 3}
      propertyPath: m_LocalEulerAnglesHint.x
      value: 0
      objectReference: {fileID: 0}
    - target: {fileID: 2103360389736583982, guid: 208c8cfb22a384e239e192e73d8db774,
        type: 3}
      propertyPath: m_LocalEulerAnglesHint.y
      value: 0
      objectReference: {fileID: 0}
    - target: {fileID: 2103360389736583982, guid: 208c8cfb22a384e239e192e73d8db774,
        type: 3}
      propertyPath: m_LocalEulerAnglesHint.z
      value: 0
      objectReference: {fileID: 0}
    m_RemovedComponents: []
  m_SourcePrefab: {fileID: 100100000, guid: 208c8cfb22a384e239e192e73d8db774, type: 3}
--- !u!4 &8702813918512505517 stripped
Transform:
  m_CorrespondingSourceObject: {fileID: 2103360389736583982, guid: 208c8cfb22a384e239e192e73d8db774,
    type: 3}
  m_PrefabInstance: {fileID: 7347121446422000003}
  m_PrefabAsset: {fileID: 0}
--- !u!1001 &7399919584304644045
PrefabInstance:
  m_ObjectHideFlags: 0
  serializedVersion: 2
  m_Modification:
    m_TransformParent: {fileID: 5683296935763968897}
    m_Modifications:
    - target: {fileID: 2103360389736583981, guid: 208c8cfb22a384e239e192e73d8db774,
        type: 3}
      propertyPath: m_Name
      value: ItemPosition (8)
      objectReference: {fileID: 0}
    - target: {fileID: 2103360389736583982, guid: 208c8cfb22a384e239e192e73d8db774,
        type: 3}
      propertyPath: m_RootOrder
      value: 8
      objectReference: {fileID: 0}
    - target: {fileID: 2103360389736583982, guid: 208c8cfb22a384e239e192e73d8db774,
        type: 3}
      propertyPath: m_LocalPosition.x
      value: 0
      objectReference: {fileID: 0}
    - target: {fileID: 2103360389736583982, guid: 208c8cfb22a384e239e192e73d8db774,
        type: 3}
      propertyPath: m_LocalPosition.y
      value: 0
      objectReference: {fileID: 0}
    - target: {fileID: 2103360389736583982, guid: 208c8cfb22a384e239e192e73d8db774,
        type: 3}
      propertyPath: m_LocalPosition.z
      value: 25
      objectReference: {fileID: 0}
    - target: {fileID: 2103360389736583982, guid: 208c8cfb22a384e239e192e73d8db774,
        type: 3}
      propertyPath: m_LocalRotation.w
      value: 1
      objectReference: {fileID: 0}
    - target: {fileID: 2103360389736583982, guid: 208c8cfb22a384e239e192e73d8db774,
        type: 3}
      propertyPath: m_LocalRotation.x
      value: -0
      objectReference: {fileID: 0}
    - target: {fileID: 2103360389736583982, guid: 208c8cfb22a384e239e192e73d8db774,
        type: 3}
      propertyPath: m_LocalRotation.y
      value: -0
      objectReference: {fileID: 0}
    - target: {fileID: 2103360389736583982, guid: 208c8cfb22a384e239e192e73d8db774,
        type: 3}
      propertyPath: m_LocalRotation.z
      value: -0
      objectReference: {fileID: 0}
    - target: {fileID: 2103360389736583982, guid: 208c8cfb22a384e239e192e73d8db774,
        type: 3}
      propertyPath: m_LocalEulerAnglesHint.x
      value: 0
      objectReference: {fileID: 0}
    - target: {fileID: 2103360389736583982, guid: 208c8cfb22a384e239e192e73d8db774,
        type: 3}
      propertyPath: m_LocalEulerAnglesHint.y
      value: 0
      objectReference: {fileID: 0}
    - target: {fileID: 2103360389736583982, guid: 208c8cfb22a384e239e192e73d8db774,
        type: 3}
      propertyPath: m_LocalEulerAnglesHint.z
      value: 0
      objectReference: {fileID: 0}
    m_RemovedComponents: []
  m_SourcePrefab: {fileID: 100100000, guid: 208c8cfb22a384e239e192e73d8db774, type: 3}
--- !u!4 &8899509266282409187 stripped
Transform:
  m_CorrespondingSourceObject: {fileID: 2103360389736583982, guid: 208c8cfb22a384e239e192e73d8db774,
    type: 3}
  m_PrefabInstance: {fileID: 7399919584304644045}
  m_PrefabAsset: {fileID: 0}
--- !u!1001 &7491971955370021285
PrefabInstance:
  m_ObjectHideFlags: 0
  serializedVersion: 2
  m_Modification:
    m_TransformParent: {fileID: 5683296935763968897}
    m_Modifications:
    - target: {fileID: 2103360389736583981, guid: 208c8cfb22a384e239e192e73d8db774,
        type: 3}
      propertyPath: m_Name
      value: ItemPosition (4)
      objectReference: {fileID: 0}
    - target: {fileID: 2103360389736583982, guid: 208c8cfb22a384e239e192e73d8db774,
        type: 3}
      propertyPath: m_RootOrder
      value: 4
      objectReference: {fileID: 0}
    - target: {fileID: 2103360389736583982, guid: 208c8cfb22a384e239e192e73d8db774,
        type: 3}
      propertyPath: m_LocalPosition.x
      value: 0
      objectReference: {fileID: 0}
    - target: {fileID: 2103360389736583982, guid: 208c8cfb22a384e239e192e73d8db774,
        type: 3}
      propertyPath: m_LocalPosition.y
      value: 0
      objectReference: {fileID: 0}
    - target: {fileID: 2103360389736583982, guid: 208c8cfb22a384e239e192e73d8db774,
        type: 3}
      propertyPath: m_LocalPosition.z
      value: 5
      objectReference: {fileID: 0}
    - target: {fileID: 2103360389736583982, guid: 208c8cfb22a384e239e192e73d8db774,
        type: 3}
      propertyPath: m_LocalRotation.w
      value: 1
      objectReference: {fileID: 0}
    - target: {fileID: 2103360389736583982, guid: 208c8cfb22a384e239e192e73d8db774,
        type: 3}
      propertyPath: m_LocalRotation.x
      value: -0
      objectReference: {fileID: 0}
    - target: {fileID: 2103360389736583982, guid: 208c8cfb22a384e239e192e73d8db774,
        type: 3}
      propertyPath: m_LocalRotation.y
      value: -0
      objectReference: {fileID: 0}
    - target: {fileID: 2103360389736583982, guid: 208c8cfb22a384e239e192e73d8db774,
        type: 3}
      propertyPath: m_LocalRotation.z
      value: -0
      objectReference: {fileID: 0}
    - target: {fileID: 2103360389736583982, guid: 208c8cfb22a384e239e192e73d8db774,
        type: 3}
      propertyPath: m_LocalEulerAnglesHint.x
      value: 0
      objectReference: {fileID: 0}
    - target: {fileID: 2103360389736583982, guid: 208c8cfb22a384e239e192e73d8db774,
        type: 3}
      propertyPath: m_LocalEulerAnglesHint.y
      value: 0
      objectReference: {fileID: 0}
    - target: {fileID: 2103360389736583982, guid: 208c8cfb22a384e239e192e73d8db774,
        type: 3}
      propertyPath: m_LocalEulerAnglesHint.z
      value: 0
      objectReference: {fileID: 0}
    m_RemovedComponents: []
  m_SourcePrefab: {fileID: 100100000, guid: 208c8cfb22a384e239e192e73d8db774, type: 3}
--- !u!4 &8847453331986350731 stripped
Transform:
  m_CorrespondingSourceObject: {fileID: 2103360389736583982, guid: 208c8cfb22a384e239e192e73d8db774,
    type: 3}
  m_PrefabInstance: {fileID: 7491971955370021285}
  m_PrefabAsset: {fileID: 0}
--- !u!1001 &7546735716302590324
PrefabInstance:
  m_ObjectHideFlags: 0
  serializedVersion: 2
  m_Modification:
    m_TransformParent: {fileID: 5683296935763968897}
    m_Modifications:
    - target: {fileID: 2103360389736583981, guid: 208c8cfb22a384e239e192e73d8db774,
        type: 3}
      propertyPath: m_Name
      value: ItemPosition (3)
      objectReference: {fileID: 0}
    - target: {fileID: 2103360389736583982, guid: 208c8cfb22a384e239e192e73d8db774,
        type: 3}
      propertyPath: m_RootOrder
      value: 3
      objectReference: {fileID: 0}
    - target: {fileID: 2103360389736583982, guid: 208c8cfb22a384e239e192e73d8db774,
        type: 3}
      propertyPath: m_LocalPosition.x
      value: 0
      objectReference: {fileID: 0}
    - target: {fileID: 2103360389736583982, guid: 208c8cfb22a384e239e192e73d8db774,
        type: 3}
      propertyPath: m_LocalPosition.y
      value: 0
      objectReference: {fileID: 0}
    - target: {fileID: 2103360389736583982, guid: 208c8cfb22a384e239e192e73d8db774,
        type: 3}
      propertyPath: m_LocalPosition.z
      value: 0
      objectReference: {fileID: 0}
    - target: {fileID: 2103360389736583982, guid: 208c8cfb22a384e239e192e73d8db774,
        type: 3}
      propertyPath: m_LocalRotation.w
      value: 1
      objectReference: {fileID: 0}
    - target: {fileID: 2103360389736583982, guid: 208c8cfb22a384e239e192e73d8db774,
        type: 3}
      propertyPath: m_LocalRotation.x
      value: -0
      objectReference: {fileID: 0}
    - target: {fileID: 2103360389736583982, guid: 208c8cfb22a384e239e192e73d8db774,
        type: 3}
      propertyPath: m_LocalRotation.y
      value: -0
      objectReference: {fileID: 0}
    - target: {fileID: 2103360389736583982, guid: 208c8cfb22a384e239e192e73d8db774,
        type: 3}
      propertyPath: m_LocalRotation.z
      value: -0
      objectReference: {fileID: 0}
    - target: {fileID: 2103360389736583982, guid: 208c8cfb22a384e239e192e73d8db774,
        type: 3}
      propertyPath: m_LocalEulerAnglesHint.x
      value: 0
      objectReference: {fileID: 0}
    - target: {fileID: 2103360389736583982, guid: 208c8cfb22a384e239e192e73d8db774,
        type: 3}
      propertyPath: m_LocalEulerAnglesHint.y
      value: 0
      objectReference: {fileID: 0}
    - target: {fileID: 2103360389736583982, guid: 208c8cfb22a384e239e192e73d8db774,
        type: 3}
      propertyPath: m_LocalEulerAnglesHint.z
      value: 0
      objectReference: {fileID: 0}
    m_RemovedComponents: []
  m_SourcePrefab: {fileID: 100100000, guid: 208c8cfb22a384e239e192e73d8db774, type: 3}
--- !u!4 &8470082357869167194 stripped
Transform:
  m_CorrespondingSourceObject: {fileID: 2103360389736583982, guid: 208c8cfb22a384e239e192e73d8db774,
    type: 3}
  m_PrefabInstance: {fileID: 7546735716302590324}
  m_PrefabAsset: {fileID: 0}
--- !u!1001 &7725300066515337837
PrefabInstance:
  m_ObjectHideFlags: 0
  serializedVersion: 2
  m_Modification:
    m_TransformParent: {fileID: 5683296935763968897}
    m_Modifications:
    - target: {fileID: 2103360389736583981, guid: 208c8cfb22a384e239e192e73d8db774,
        type: 3}
      propertyPath: m_Name
      value: ItemPosition (11)
      objectReference: {fileID: 0}
    - target: {fileID: 2103360389736583982, guid: 208c8cfb22a384e239e192e73d8db774,
        type: 3}
      propertyPath: m_RootOrder
      value: 11
      objectReference: {fileID: 0}
    - target: {fileID: 2103360389736583982, guid: 208c8cfb22a384e239e192e73d8db774,
        type: 3}
      propertyPath: m_LocalPosition.x
      value: 0
      objectReference: {fileID: 0}
    - target: {fileID: 2103360389736583982, guid: 208c8cfb22a384e239e192e73d8db774,
        type: 3}
      propertyPath: m_LocalPosition.y
      value: 0
      objectReference: {fileID: 0}
    - target: {fileID: 2103360389736583982, guid: 208c8cfb22a384e239e192e73d8db774,
        type: 3}
      propertyPath: m_LocalPosition.z
      value: 40
      objectReference: {fileID: 0}
    - target: {fileID: 2103360389736583982, guid: 208c8cfb22a384e239e192e73d8db774,
        type: 3}
      propertyPath: m_LocalRotation.w
      value: 1
      objectReference: {fileID: 0}
    - target: {fileID: 2103360389736583982, guid: 208c8cfb22a384e239e192e73d8db774,
        type: 3}
      propertyPath: m_LocalRotation.x
      value: -0
      objectReference: {fileID: 0}
    - target: {fileID: 2103360389736583982, guid: 208c8cfb22a384e239e192e73d8db774,
        type: 3}
      propertyPath: m_LocalRotation.y
      value: -0
      objectReference: {fileID: 0}
    - target: {fileID: 2103360389736583982, guid: 208c8cfb22a384e239e192e73d8db774,
        type: 3}
      propertyPath: m_LocalRotation.z
      value: -0
      objectReference: {fileID: 0}
    - target: {fileID: 2103360389736583982, guid: 208c8cfb22a384e239e192e73d8db774,
        type: 3}
      propertyPath: m_LocalEulerAnglesHint.x
      value: 0
      objectReference: {fileID: 0}
    - target: {fileID: 2103360389736583982, guid: 208c8cfb22a384e239e192e73d8db774,
        type: 3}
      propertyPath: m_LocalEulerAnglesHint.y
      value: 0
      objectReference: {fileID: 0}
    - target: {fileID: 2103360389736583982, guid: 208c8cfb22a384e239e192e73d8db774,
        type: 3}
      propertyPath: m_LocalEulerAnglesHint.z
      value: 0
      objectReference: {fileID: 0}
    m_RemovedComponents: []
  m_SourcePrefab: {fileID: 100100000, guid: 208c8cfb22a384e239e192e73d8db774, type: 3}
--- !u!4 &8504313815629992259 stripped
Transform:
  m_CorrespondingSourceObject: {fileID: 2103360389736583982, guid: 208c8cfb22a384e239e192e73d8db774,
    type: 3}
  m_PrefabInstance: {fileID: 7725300066515337837}
  m_PrefabAsset: {fileID: 0}
